3481 5121
548 510 1005 576 vocabulorum
1027 511 1378 594 respiciens
1403 512 1650 577 exstitit
1674 514 1782 577 ille
1814 514 2091 595 scriptor
2112 535 2377 596 prorsus
2399 511 2582 578 Afer.
2656 511 2794 596 ipse
2820 511 2989 579 enim

547 615 718 698 apud
765 614 968 678 Afros
1015 613 1139 677 hac
1183 636 1322 678 sese
1368 614 1554 678 effert
1607 617 2119 699 praedicatione
2148 615 2317 699 (flor.
2370 618 2509 700 19):
2592 619 2773 698 „quis
2820 620 2987 684 enim

545 723 828 781 vestrum
875 717 1034 780 mihi
1063 739 1256 780 unum
1293 718 1738 782 soloecismum
1770 717 2137 800 ignoverit?
2184 719 2329 800 quis
2374 718 2475 782 vel
2504 740 2702 783 unam
2731 720 2987 786 literam

546 821 828 886 barbare
872 821 1364 902 pronunciatam
1412 820 1798 886 donaverit?
1845 823 1987 903 quis
2034 821 2367 886 incondita
2399 821 2596 885 verba
2642 828 2707 885 et
2751 823 2988 886 vitiosa

547 929 788 988 temere
833 923 1022 1004 quasi
1083 922 1510 986 delirantibus
1569 923 1933 989 oborientia
1980 924 2354 1006 permiserit
2398 924 2725 1000 blaterare
2740 923 2811 986 ‘?“
2874 925 2988 988 sed

554 1047 700 1089 cum
729 1025 829 1088 his
877 1025 1089 1088 verbis
1131 1025 1336 1088 multa
1380 1047 1747 1107 repugnare
1779 1025 2120 1090 videantur
2149 1027 2216 1089 in
2263 1027 2519 1108 scriptis
2551 1026 2813 1108 Apulei,
2858 1048 2989 1090 non

550 1127 821 1192 deerant
866 1128 975 1208 qui
1005 1133 1317 1208 putarent
1345 1127 1398 1212 ¹)
1444 1129 1673 1191 miram
1705 1128 2235 1192 consuetudinem
2268 1130 2628 1192 orationem
2661 1128 2991 1192 vocabulis

549 1229 928 1311 ceteroquin
1003 1228 1365 1302 obliteratis
1440 1226 1799 1292 artificiose
1861 1230 2216 1293 exornandi
2286 1235 2353 1294 et
2413 1231 2598 1310 quasi
2662 1229 2993 1294 colorandi

550 1331 736 1396 Afris
785 1352 1184 1395 communem
1242 1331 1436 1395 fuisse
1482 1331 1781 1394 omnibus
1834 1353 2180 1414 omnesque
2228 1353 2335 1395 eos
2379 1330 2542 1395 adeo
2597 1331 2989 1412 deliravisse,

547 1441 620 1497 ut
682 1435 906 1516 inepta
968 1433 1080 1497 illa
1139 1434 1421 1497 dictione
1479 1434 1658 1506 ‚inter
1715 1454 1855 1496 sese
1916 1435 2335 1498 oblectarent.
2424 1455 2816 1516 quamquam
2871 1433 2993 1497 hoc

551 1535 812 1618 quidem
879 1537 1039 1599 satis
1102 1543 1361 1599 constat
1427 1535 1631 1598 Afros
1697 1557 1828 1600 non
1894 1538 2289 1619 ignoravisse
2362 1538 2624 1618 proprio
2705 1536 2989 1618 quodam

551 1657 843 1702 sermone
890 1658 957 1700 se
1003 1639 1099 1701 uti
1145 1659 1184 1700 a
1217 1638 1530 1702 Romanis
1574 1640 1769 1720 paulo
1817 1640 2070 1703 diverso
2118 1638 2225 1725 (cf.
2262 1625 2574 1702 Roensch.
2621 1661 2684 1721 p.
2736 1644 2769 1700 7
2818 1645 2883 1702 et
2928 1644 2987 1718 8,

551 1740 964 1807 Schuchardt
1008 1741 1048 1803 l.
1098 1761 1150 1803 c.
1197 1741 1234 1804 Ι
1291 1763 1354 1822 p.
1401 1741 1533 1824 98).
1622 1743 1901 1806 maxime
1954 1749 2171 1806 autem
2235 1762 2312 1805 ea
2368 1762 2438 1804 re
2496 1740 2987 1823 provincialium

552 1844 764 1908 oratio
829 1842 1243 1925 discrepabat
1299 1843 1381 1908 ab
1441 1843 1717 1922 urbana,
1789 1845 1962 1926 quod
2029 1865 2157 1908 non
2225 1848 2366 1907 erat
2416 1843 2498 1908 ab
2565 1845 2736 1906 omni
2802 1850 2989 1926 parte

550 1967 755 2029 aeque
803 1945 1144 2010 emendata
1188 1945 1302 2008 sed
1345 1947 1611 2028 propius
1664 1946 2015 2010 accedebat
2072 1947 2157 2009 acl
2216 1945 2472 2010 dicendi
2528 1966 2774 2008 morem
2831 1947 2987 2008 coti-

550 2049 837 2127 dianum,
886 2050 998 2130 qui
1044 2047 1144 2111 vel
1188 2048 1478 2129 longiore
1523 2055 1813 2129 tempore
1859 2050 2068 2112 minus
2114 2031 2277 2112 solet
2318 2046 2729 2129 immutari.‘²)

734 2150 1146 2234 Quamquam
1189 2151 1392 2232 igitur
1437 2171 1516 2214 ex
1559 2150 1811 2230 studiis»,
1853 2151 2086 2232 quibus
2116 2151 2437 2233 Apuleius
2468 2149 2991 2213 adulescentulus

554 2259 619 2316 et
690 2251 1091 2336 Carthagine
1166 2260 1231 2316 et
1306 2252 1586 2318 Athenis
1654 2253 1913 2317 deditus
1974 2260 2146 2334 erat,
2208 2258 2383 2318 recte
2450 2251 2635 2315 nobis
2701 2253 2991 2315 videmur

549 2355 922 2419 ratiocinari
966 2356 1034 2417 in
1080 2355 1427 2436 scriptione
1474 2355 1610 2418 eius
1656 2377 1786 2418 non
1832 2355 2051 2420 deesse
2096 2354 2438 2434 vocabula,
2488 2375 2653 2438 quae
2698 2355 2989 2418 consulto

549 2457 660 2521 ille
706 2458 1080 2539 repetiverit
1137 2457 1221 2521 ab
1267 2458 1582 2539 antiquis,
1642 2462 1859 2520 tamen
1922 2456 2231 2540 plurima,
2291 2478 2455 2538 quae
2508 2478 2626 2538 pro
2686 2456 2991 2520 obsoletis

549 2559 777 2624 haberi
846 2566 1117 2643 possunt
1177 2559 1398 2624 dedita
1465 2582 1663 2642 opera
1727 2582 1768 2623 a
1843 2562 2072 2643 priscis
2149 2583 2295 2624 eum
2357 2559 2861 2642 deprompsisse,
2921 2565 2993 2622 ut

549 2663 825 2727 insuetis
869 2664 1178 2745 mirisque
1223 2664 1485 2727 vocibus
1539 2664 1813 2727 lectores
1865 2662 1966 2726 vel
2019 2663 2350 2727 auditores
2406 2663 2791 2741 oblectaret,
2849 2684 2992 2744 per-

548 2771 922 2829 severanter
966 2765 1364 2848 negabimus
1435 2772 1629 2848 atque
1676 2786 1973 2829 normam
2019 2766 2210 2829 certis
2257 2765 2647 2848 quibusdam
2703 2766 2992 2829 terminis

549 2867 1136 2950 circumscriptam,
1194 2889 1392 2949 quam
1437 2868 1521 2931 ad
1577 2869 2005 2933 elocutionem
2052 2868 2492 2951 Apuleianam
2545 2866 2857 2930 adhibeas
2913 2867 2991 2930 de

550 3008 682 3015 Ἥ

729 3089 772 3156 ¹)
809 3088 878 3141 cf.
915 3089 1210 3143 Koziolius
1246 3090 1283 3143 1.
1321 3107 1367 3142 c.
1405 3108 1457 3156 p.
1495 3092 1552 3142 2:
1593 3089 1693 3141 der
1738 3090 2022 3143 ausdruck
2058 3091 2132 3141 ist
2172 3132 2183 3142 .
2224 3129 2235 3140 .
2275 3128 2287 3140 .
2312 3088 2428 3141 voll
2466 3089 2797 3156 entlegener
2833 3088 2990 3141 weit-

548 3172 910 3241 hergeholter
933 3179 1111 3227 worte
1148 3175 1477 3245 ausgeputzt
1502 3175 1608 3225 mit
1635 3175 2008 3228 katachresen
2046 3175 2160 3228 und
2186 3175 2570 3238 soloecismen,
2597 3174 2987 3241 neologismen

551 3259 669 3311 und
706 3260 1074 3313 archaismen.
1139 3260 1267 3312 dass
1295 3260 1415 3311 dies
1453 3260 1611 3312 nicht
1637 3260 1761 3311 blos
1799 3260 2398 3329 eigeuthuemlichkeit
2436 3260 2719 3312 einzelner
2755 3264 2991 3311 autoren

548 3344 651 3409 ist,
703 3345 948 3399 sondern
995 3363 1093 3399 aus
1145 3346 1272 3398 dem
1307 3345 1482 3413 geiste
1530 3345 1646 3397 und
1694 3346 1795 3398 der
1842 3346 2475 3415 geschmacksrichtung
2521 3344 2622 3396 der
2672 3344 2992 3413 damaligen

549 3431 660 3483 zeit
696 3432 1202 3500 hervorgegangen
1251 3432 1368 3484 und
1407 3431 1711 3501 allgemein
1749 3432 1975 3484 ueblich
2013 3448 2155 3495 war,
2206 3432 2487 3484 beweisen
2523 3434 2693 3482 unter
2726 3429 2990 3482 anderem

551 3516 642 3569 die
680 3522 862 3571 worte
901 3517 998 3571 des
1035 3517 1314 3585 Apuleius
1351 3518 1470 3569 flor.
1514 3519 1568 3583 1,
1605 3521 1638 3570 9
1690 3518 1815 3584 quis
1854 3518 2003 3571 enim
2040 3521 2291 3570 vestrum
2329 3534 2408 3583 sq.
2482 3519 2679 3569 contra
2714 3533 2781 3567 ea
2816 3515 2992 3568 Drae-

550 3620 716 3669 gerus
765 3605 801 3656 1.
851 3621 896 3657 c.
943 3622 998 3672 p.
1047 3602 1227 3657 XVII
1283 3603 1448 3655 dicit:
1510 3603 2063 3671 gluecklicherweise
2111 3604 2189 3657 ist
2241 3603 2425 3655 dieser
2475 3601 2652 3669 unfug
2701 3601 2845 3653 ohne
2900 3602 2992 3654 die

552 3688 839 3757 geringste
886 3689 1290 3756 nachwirkung
1336 3688 1639 3757 geblieben
1678 3730 1688 3741 .
1731 3729 1743 3742 .
1784 3730 1795 3741 .
1834 3688 1951 3741 und
1996 3688 2141 3740 auch
2201 3688 2290 3740 die
2340 3687 2766 3740 kirchenvaeter
2806 3686 2993 3740 haben

554 3772 674 3824 sich
722 3774 829 3826 frei
879 3774 1062 3826 davon
1111 3774 1385 3827 erhalten.
1458 3774 1526 3825 ab
1577 3776 1733 3827 recto
1782 3778 2021 3841 uterque
2062 3774 2412 3840 aliquantum
2450 3773 2750 3825 aberravit.

727 3856 769 3925 ²)
809 3858 1024 3912 Arnob.
1063 3860 1186 3913 adv.
1213 3863 1329 3912 nat.
1359 3860 1406 3924 1,
1433 3860 1499 3911 58
1538 3858 1606 3912 de
1643 3860 2120 3927 interpretatione
2156 3859 2337 3911 latina
2373 3858 2649 3911 librorum
2687 3874 2991 3923 sacrorum,

554 3958 720 4009 quam
758 3944 828 3995 ab
855 3944 1082 3997 homine
1117 3947 1283 4013 plane
1321 3946 1556 3998 indocto
1594 3945 1913 3998 confectam
1950 3962 2073 3998 esse
2100 3945 2251 3997 haud
2286 3946 2582 4011 quisquam
2618 3944 2993 4008 contenderit,

556 4028 696 4081 haec
732 4027 895 4081 dicit:
937 4031 1206 4095 „trivialis
1245 4036 1302 4084 et
1339 4031 1597 4083 sordidus
1635 4048 1817 4101 sermo
1858 4036 1977 4084 est“
2020 4035 2076 4085 et
2100 4033 2168 4083 59
2209 4030 2604 4097 „barbarismis
2643 4029 2992 4083 soloecismis

553 4112 776 4166 obsitae
816 4117 974 4178 sunt,
1028 4114 1234 4182 inquit,
1285 4134 1372 4169 res
1407 4121 1630 4169 vestrae
1677 4121 1736 4168 et
1772 4117 2040 4169 vitiorum
2088 4117 2456 4169 deformitate
2491 4116 2743 4184 pollutae
2781 4154 2793 4167 .
2832 4154 2844 4167 .
2884 4154 2896 4167 .
2936 4120 2994 4168 et

550 4202 743 4252 tamen
800 4216 832 4252 o
889 4199 1013 4264 isti,
1075 4201 1170 4267 qui
1224 4202 1472 4269 pollutas
1527 4219 1613 4255 res
1669 4207 1893 4255 nostras
1943 4203 2211 4255 vitiorum
2273 4201 2655 4253 criminamini
2702 4200 2994 4265 foeditate,

552 4285 924 4353 stribiligines
996 4290 1053 4340 et
1100 4304 1200 4340 vos
1261 4287 1397 4339 istas
1464 4287 1624 4341 libris
1678 4288 1789 4340 illis
1847 4289 1903 4341 in
1957 4288 2217 4341 maximis
2280 4287 2819 4353 admirabilibusque
2881 4304 2995 4338 non

551 4371 810 4424 habetis?
848 4411 860 4424 .
901 4411 912 4424 .
951 4412 963 4425 .
1002 4377 1101 4425 aut
1140 4373 1314 4443 igitur
1349 4414 1360 4425 .
1406 4414 1417 4425 .
1460 4416 1470 4425 .
1510 4374 1723 4427 frustra
1768 4392 1869 4426 nos
1910 4374 2098 4426 dicitis
2138 4374 2600 4425 soloecismorum
2640 4372 2989 4425 obscenitate

553 4457 858 4522 deformeS,
909 4462 1008 4510 aut
1042 4459 1103 4511 in
1141 4458 1420 4511 similibus
1459 4459 1613 4511 vitiis
1651 4476 1752 4513 vos
1802 4476 2022 4527 quoque
2058 4459 2361 4512 versamini
2410 4459 2663 4525 quamvis
2710 4457 2987 4524 Epicados

552 4559 743 4598 omnes
780 4547 918 4599 cet.“

2603 4598 2705 4699 2²⁸¹v
