3481 5121
1725 299 1772 361 4

515 497 789 570 lectores
846 500 947 570 vel
1000 502 1330 569 auditores
1395 503 1664 568 insuetis
1733 526 1811 570 ac
1867 504 2047 568 miris
2104 502 2367 568 vocibus
2424 500 2797 568 oblectaret.
2888 505 2956 568 in

516 608 688 672 hunc
748 610 1009 673 modum
1069 610 1200 672 iam
1261 608 1586 689 prioribus
1658 608 2057 690 temporibus
2111 608 2228 671 viri
2293 607 2464 670 docti
2535 607 2614 672 de
2671 607 2956 690 Apuleio

514 709 980 790 iudicaverunt,
1027 712 1194 775 sicut
1232 710 1495 792 Lipsius
1541 711 1609 774 in
1655 712 1907 793 epistol.
1956 715 2205 792 quaest.
2250 710 2363 775 lib.
2398 715 2434 773 2
2484 731 2580 792 ep.
2615 715 2728 790 22;
2782 715 2837 786 3,
2878 715 2952 774 12

515 813 658 876 aliis
692 813 848 877 locis
895 820 960 878 et
987 812 1416 878 Ruhnkenius
1461 815 1526 877 in
1558 813 1833 896 praefat.
1882 813 2033 876 edit.
2074 811 2667 895 Oudendorpianae
2711 835 2775 895 p.
2808 813 2944 889 ΙΙΙ,

514 917 687 980 idem
753 916 998 998 placuit
1061 915 1528 980 recentioribus
1600 915 1821 997 eisque
1892 936 2096 997 paene
2166 916 2480 979 omnibus
2591 917 2953 980 sententiae

515 1040 739 1082 eorum
769 1019 927 1081 satis
951 1022 1102 1081 sunt
1123 1018 1514 1099 divulgatae,
1547 1018 1967 1082 nihilominus
1998 1018 2339 1082 nonnullos
2362 1024 2559 1081 testes
2591 1019 2953 1097 citabimUS‚

515 1126 589 1185 ut
631 1121 973 1185 manifesto
1019 1128 1454 1203 compareant,
1502 1142 1669 1202 quae
1712 1121 1924 1184 minus
1968 1120 2308 1202 probanda
2354 1121 2670 1184 videntur.
2750 1122 2954 1186 Bern-

515 1225 801 1306 hardyus
845 1224 1016 1286 inter
1060 1224 1206 1302 alia,
1267 1245 1433 1305 quae
1487 1224 1566 1287 de
1611 1223 1936 1286 latinitate
1983 1224 2226 1306 Apulei
2272 1230 2445 1287 recte
2502 1225 2957 1288 animadvertit

514 1328 676 1390 haec
721 1329 814 1390 ita
858 1326 1113 1405 retulit,
1173 1332 1245 1388 ut
1287 1325 1590 1390 facillime
1636 1347 1981 1409 perperam
2038 1327 2289 1408 possint
2335 1327 2571 1409 accipi:
2640 1329 2955 1392 veraltete

512 1435 710 1492 worte
741 1428 886 1492 sind
933 1429 1320 1493 absichtlich
1353 1430 1765 1510 eingestreut‚
1814 1429 1978 1492 auch
2012 1428 2371 1510 anklaenge
2404 1429 2515 1492 des
2559 1431 2955 1496 archaismus

512 1533 611 1598 bis
677 1554 822 1596 zum
889 1532 1132 1595 derben
1199 1532 1612 1614 pleonasmus
1659 1581 1671 1594 .
1723 1581 1735 1595 .
1788 1581 1800 1594 .
1848 1532 2013 1595 doch
2066 1531 2298 1594 dienen
2354 1533 2755 1598 archaismus
2819 1534 2953 1598 und

515 1636 908 1721 graecismus
963 1634 1138 1698 bloss
1199 1635 1294 1697 als
1340 1633 1542 1697 seines
1587 1655 1875 1715 gewuerz
1932 1635 2107 1717 sq.¹).
2200 1634 2615 1699 Erdmannus
2670 1658 2817 1700 cum
2874 1637 2953 1700 de

513 1737 760 1820 Apulei
833 1758 955 1800 usu
1014 1738 1473 1803 vocabulorum
1541 1736 1853 1800 scriberet
1870 1735 1921 1820 2)
1990 1756 2205 1816 voces,
2279 1757 2445 1818 quae
2514 1738 2596 1801 ab
2666 1741 2950 1822 antiquis

513 1840 936 1922 scriptoribus
989 1841 1306 1922 repetitae
1365 1859 1502 1902 esse
1557 1840 1615 1902 ei
1669 1838 2073 1919 viderentur,
2144 1840 2447 1922 colligere
2508 1847 2776 1904 conatus
2835 1848 2950 1922 est,

513 1963 905 2025 quamquam
935 1943 1355 2025 paucissimas
1386 1945 1644 2005 tantum
1687 1963 1925 2025 easque
1955 1941 2186 2006 leviter
2216 1942 2555 2024 congessit.
2636 1943 2950 2007 Kretsch-

511 2067 787 2110 mannus
843 2044 884 2108 1.
944 2066 995 2109 c.
1059 2067 1120 2127 p.
1183 2048 1226 2108 4
1287 2065 1584 2108 assensus
1647 2049 1746 2108 est
1790 2044 2214 2125 Ruhnkenio,
2277 2045 2390 2109 sed
2435 2052 2653 2110 tamen
2696 2047 2821 2126 ita,
2879 2053 2952 2110 ut

511 2171 640 2213 non
711 2147 938 2211 eadem
1013 2147 1422 2230 antiquitatis
1475 2147 1869 2212 verecundia
1932 2147 2491 2231 admirationeque
2560 2155 2951 2212 commotum

481 2250 766 2315 'vetusta
827 2250 1026 2316 verba
1092 2271 1236 2314 eum
1297 2271 1630 2314 revocasse
1699 2249 1945 2313 diceret
2012 2270 2141 2330 qua
2202 2250 2635 2332 Frontonem,
2704 2251 2818 2314 sed
2880 2258 2955 2315 ut

511 2355 846 2418 rhetorum
893 2372 1069 2417 more
1124 2352 1443 2450 illecebris
1497 2373 1720 2416 eorum
1778 2353 2139 2416 orationem
2188 2351 2297 2415 ille
2357 2350 2546 2416 docte
2608 2359 2951 2418 exornaret

513 2458 602 2542 (p.
657 2457 784 2542 14).
850 2455 1083 2519 horum
1127 2453 1438 2518 iudicium
1482 2460 1738 2518 secutus
1771 2455 2144 2536 Draegerus
2166 2453 2218 2540 8)
2251 2453 2607 2537 Apuleium
2652 2457 2744 2520 sic
2786 2457 2950 2521 vitu-

509 2559 791 2643 peravit:
855 2581 960 2623 am
1016 2558 1458 2622 schlimmsten
1520 2557 1747 2641 erging
1804 2579 1871 2622 es
1917 2557 2179 2622 hiermit
2233 2556 2379 2621 dem
2418 2556 2769 2641 ApuleiuS,
2838 2557 2953 2622 der

511 2662 636 2725 den
681 2660 1207 2743 abgestumpften
1236 2682 1515 2743 gaumen
1547 2660 1662 2724 der
1691 2660 1983 2725 lesewelt*
2026 2666 2219 2724 unter
2262 2660 2387 2724 den
2416 2660 2799 2726 Antoninen
2834 2710 2847 2725 .
2883 2710 2896 2723 .
2932 2710 2947 2725 .

509 2770 701 2828 unter
745 2764 1051 2828 anderem
1107 2764 1312 2828 durch
1365 2763 1787 2845 ausgesuchte
1834 2762 2238 2827 archaismen
2292 2763 2426 2827 und
2469 2763 2795 2828 wahrhaft
2835 2786 2951 2827 un-

513 2866 956 2931 verschaemte
1017 2867 1418 2949 graecismen
1481 2888 1561 2929 zu
1619 2865 1863 2930 kitzeln
1924 2865 2169 2929 suchte.
2262 2865 2497 2929 similia
2564 2871 2715 2930 sunt
2776 2868 2952 2949 apud

513 2969 885 3033 Koziolium
900 2968 954 3054 4)
974 3019 990 3051 ‚
1046 2971 1289 3052 passim
1351 2967 1526 3053 apud
1568 2968 1757 3049 alios,
1826 2989 1987 3049 quos
2032 2968 2155 3032 etsi
2200 2968 2458 3033 silentio
2514 2970 2951 3051 praeterimus

508 3070 1092 3153 reprehensionem,
1139 3093 1348 3155 spem,
1394 3094 1526 3137 non
1570 3072 1921 3156 capiemus.

679 3173 807 3237 His
839 3174 1192 3254 sententiiS‚
1238 3194 1402 3255 quas
1432 3175 1655 3256 procul
1686 3174 1883 3238 dubio
1927 3194 2059 3237 non
2089 3173 2226 3237 sine
2269 3162 2776 3238 ratione‘tenere
2822 3172 2945 3237 sibi

507 3276 626 3339 visi
671 3281 821 3340 sunt
862 3276 1153 3343 homines
1199 3274 1394 3353 docti,
1438 3295 1644 3355 paene
1688 3296 1877 3339 nemo
1923 3275 2261 3339 oblocutus
2308 3282 2423 3358 est,
2472 3277 2625 3358 quia
2662 3278 2731 3339 in
2760 3276 2945 3339 libris

507 3378 755 3462 Apulei
796 3398 944 3441 vere
988 3376 1195 3439 multa
1223 3374 1542 3438 vocabula
1583 3377 2017 3456 inveniuntur,
2066 3396 2233 3456 quae
2264 3378 2717 3441 vetustissimis
2748 3378 2945 3460 scrip-

507 3481 756 3545 toribus
817 3479 1060 3543 usitata
1121 3476 1203 3541 ab
1265 3476 1640 3541 auctoribus
1702 3478 1983 3559 optimae
2041 3478 2389 3543 latinitatis
2449 3480 2940 3562 respuebantur.

505 3583 620 3647 sed
660 3583 792 3646 iam
835 3582 1116 3645 Ioannes
1147 3578 1370 3645 Ottius
1409 3580 1477 3644 in
1522 3581 1631 3661 eis,
1681 3602 1848 3663 quae
1890 3581 1932 3644 l.
1981 3602 2033 3645 c.
2080 3580 2514 3647 eruditissime
2558 3582 2816 3666 scripsit
2863 3582 2943 3645 de
2984 3624 2989 3629 -

510 3683 740 3747 studiis
785 3682 1215 3746 recentiorum
1257 3683 1588 3747 hominum
1635 3684 1972 3747 doctorum
2016 3682 2347 3748 collocatis
2392 3686 2459 3748 in
2502 3686 2947 3766 cognoscendo

505 3806 796 3849 sermone
825 3784 1136 3849 librorum
1162 3806 1491 3850 sacrorum
1512 3786 1828 3868 imprimis
1849 3786 2324 3851 vetustissimae
2346 3788 2659 3852 versionis
2682 3788 2948 3869 latinae,

505 3908 700 3969 quam
744 3886 988 3951 Italam
1045 3888 1254 3952 solent
1304 3908 1564 3969 vocare,
1617 3889 2021 3971 paucissimis
2078 3890 2291 3955 verbis
2348 3891 2461 3955 sed
2513 3897 2734 3956 tamen
2790 3893 2947 3956 satis

599 4224 604 4229 .
681 4180 724 4248 1)
760 4178 1054 4247 grundriss
1091 4180 1191 4232 der
1224 4196 1394 4232 roem.
1430 4180 1643 4232 literat.
1684 4181 1818 4233 1872
1854 4198 1907 4249 p.
1944 4182 2063 4245 332,
2103 4181 2169 4234 cf.
2209 4182 2379 4235 etiam
2417 4201 2472 4252 p.
2510 4184 2629 4235 328.

679 4264 726 4333 2)
764 4264 834 4317 de
871 4264 1190 4317 elocutione
1225 4264 1290 4318 L.
1328 4265 1539 4334 Apulei
1575 4265 1981 4320 Madaurensis.
2055 4267 2313 4321 Stendali
2353 4271 2503 4322 1864.

678 4350 722 4420 3)
757 4350 888 4403 hist.
927 4353 1128 4418 syntax
1165 4350 1266 4403 der
1300 4352 1398 4404 lat.
1444 4352 1694 4419 sprache.
1768 4352 1923 4421 Lips.
1966 4356 2102 4407 1874
2136 4372 2189 4422 p.
2229 4354 2423 4407 XVII.

674 4436 722 4506 4)
761 4436 862 4489 der
899 4437 995 4489 stil
1032 4435 1129 4489 des
1155 4436 1220 4489 L.
1245 4438 1534 4505 Apuleius,
1589 4438 1680 4490 ein
1703 4439 1933 4508 beitrag
1969 4457 2066 4492 zur
2089 4441 2385 4493 kenntniss
2414 4440 2510 4493 des
2553 4442 2945 4508 sogenannten

501 4521 917 4576 afrikanischen
951 4523 1172 4576 lateins.
1228 4522 1477 4577 Vindob.
1520 4525 1668 4590 1872,
1705 4542 1763 4593 p.
1799 4526 1833 4577 2
1874 4542 1955 4593 sq.
