3481 5121
1716 310 1792 382 17·

533 543 764 590 munus
809 531 1028 589 utrum
1075 525 1626 592 administraverit
1655 534 2007 610 antequam
2038 523 2246 591 Oeam
2290 522 2587 605 venisset,
2632 529 2707 589 ut
2737 507 2969 589 Hilde-

532 629 806 694 brandio
851 628 892 690 l.
941 649 993 692 c.
1041 651 1103 711 p.
1148 629 1380 694 XXII
1423 631 1688 713 placuit,
1736 652 1822 694 an
1866 630 1985 693 sub
2031 629 2244 710 ipsum
2287 634 2565 710 tempus,
2614 649 2741 710 quo
2788 630 2975 694 uxori

533 730 863 795 ducendae
909 751 1174 812 operam
1220 730 1426 796 dabat
1477 755 1561 796 an
1603 733 1799 816 paulo
1830 737 1996 814 post,
2042 751 2171 795 non
2216 729 2489 794 multum
2534 729 2756 795 refert.
2847 730 2981 794 iam

533 855 686 898 vero
723 835 776 897 si
801 834 1084 919 quinque
1113 840 1175 897 et
1209 835 1437 916 viginti
1461 837 1595 900 fere
1626 856 1827 898 annos
1852 841 2045 898 natus
2067 854 2334 898 uxorem
2359 832 2543 898 duxit
2566 833 2974 915 triennioque

535 941 686 998 ante
719 933 927 999 Oeam
955 936 1149 1015 venit,
1199 943 1264 1000 et
1294 939 1349 1000 si
1382 938 1611 1018 viginti
1641 957 1960 1002 annorum
1990 936 2466 1000 adulescentem
2496 935 2798 1000 Athenas
2830 953 2980 998 eum

534 1037 872 1123 reliquisse
917 1039 1282 1116 statuimus,
1335 1039 1462 1102 duo
1510 1045 1763 1103 restant
1808 1040 1981 1118 anni,
2029 1037 2205 1120 quod
2232 1043 2485 1120 tempus
2516 1036 2982 1119 peregrinatio-

536 1139 726 1202 nibus
779 1141 1037 1203 trivisse
1083 1141 1410 1222 putandus
1455 1149 1570 1205 est.
1663 1142 1899 1223 quibus
1944 1142 1998 1204 si
2042 1161 2283 1204 annum
2323 1141 2425 1204 vel
2456 1140 2795 1222 aliquanto
2839 1137 2986 1219 plus

538 1247 992 1323 consumptum
1037 1263 1174 1306 esse
1221 1242 1378 1306 velis
1423 1263 1542 1325 pro
1573 1245 1685 1323 eiS,
1721 1264 1889 1325 quae
1932 1249 2071 1306 tum
2114 1249 2302 1306 erant
2331 1240 2779 1324 proficiscendi
2814 1238 2983 1302 diffi-

541 1343 894 1408 cultatibus
941 1350 1006 1407 et
1049 1365 1194 1408 cum
1231 1349 1504 1408 naturae
1537 1345 1913 1427 speculator
1941 1345 2049 1408 ille
2082 1351 2147 1408 et
2177 1351 2448 1409 venator
2480 1343 2777 1408 omnibus
2822 1363 2989 1424 quae

540 1445 706 1508 mira
751 1452 942 1509 erant
994 1445 1236 1510 diutius
1283 1447 1553 1528 singulis
1596 1446 1756 1510 loeis
1802 1446 2239 1527 detineretur,
2299 1446 2521 1511 decem
2561 1445 2695 1510 fere
2737 1450 2991 1510 restant

540 1568 809 1628 menses,
857 1546 1093 1630 quibus
1123 1549 1379 1612 Romae
1416 1546 1562 1612 eum
1594 1552 1920 1612 versatum
1952 1569 2089 1612 esse
2119 1547 2451 1612 faciamus.
2540 1548 2633 1611 ibi
2663 1569 2813 1612 vero
2860 1567 2991 1610 non

541 1647 802 1712 videtur
862 1649 1138 1714 multum
1183 1672 1418 1734 operae
1465 1652 1965 1734 consumpsisse,
2022 1656 2095 1713 ut
2138 1671 2497 1714 sermonem
2550 1651 2826 1714 latinum
2882 1654 2997 1713 aut

543 1749 828 1814 disceret
875 1758 991 1815 aut
1034 1754 1394 1818 orationem
1449 1774 1631 1818 suam
1675 1753 2020 1836 diligenter
2062 1751 2467 1833 emendaret,
2514 1752 2628 1816 sed
2674 1773 2805 1834 qua
2848 1759 2994 1816 erat

547 1853 904 1936 cupiditate
948 1875 1054 1918 res
1082 1854 1387 1920 mirificas
1420 1855 1850 1938 cognoscendi
1893 1857 1961 1919 in
2004 1855 2129 1919 hac
2168 1875 2427 1937 quoque
2456 1855 2618 1919 urbe
2662 1854 2730 1919 id
2770 1853 2995 1918 sedulo

548 1955 986 2035 annitebatur,
1047 1962 1121 2019 ut
1163 1959 1364 2021 sacris
1407 1959 1634 2037 variiS,
1695 1957 2010 2039 imprimis
2056 1958 2611 2039 Aegyptiacorum
2655 1957 2992 2020 numinum

549 2056 656 2140 (cf.
691 2063 839 2121 met.
878 2063 978 2138 11,
1012 2060 1082 2142 6)
1117 2060 1504 2140 initiaretur,
1553 2080 1949 2143 quamquam
1999 2058 2217 2122 furore
2242 2058 2354 2123 illo
2386 2058 2669 2123 fanatico
2702 2060 2993 2140 pecunia,

552 2179 747 2240 quam
791 2181 871 2224 ex
916 2162 1440 2243 peregrinatione
1469 2163 1790 2244 reliquam
1822 2160 2126 2240 habebat,
2171 2181 2289 2243 per
2319 2161 2589 2226 callidos
2632 2161 2999 2226 sacerdotes

555 2266 651 2324 est
693 2262 1056 2344 absumpta.
1150 2270 1548 2346 quapropter
1604 2264 1901 2328 omnibus
1968 2262 2197 2345 opibus
2266 2263 2614 2328 destitutus
2669 2284 2786 2346 per
2841 2284 2998 2346 pau-

551 2364 769 2427 culum
817 2371 1072 2448 tempus
1119 2368 1330 2431 causis
1377 2367 1646 2450 agendis
1692 2373 2034 2448 quaestum
2100 2364 2401 2430 faciebat.
2489 2366 2615 2428 hac
2671 2371 2889 2429 tamen
2932 2386 3003 2429 re

548 2465 711 2530 nihil
763 2467 1038 2532 efficitur
1091 2469 1215 2532 nisi
1272 2475 1346 2532 ut
1391 2468 1732 2532 manifesto
1776 2473 2096 2551 appareat
2142 2488 2503 2532 sermonem
2547 2468 2825 2531 latinum
2870 2468 2998 2530 iam

547 2570 798 2651 pridem
843 2572 904 2635 ei
947 2570 1144 2637 fuisse
1191 2573 1522 2637 usitatum.

725 2671 891 2737 Cum
937 2694 1088 2737 vero
1135 2674 1364 2739 eodem
1417 2680 1708 2757 tempore
1768 2693 1895 2754 quo
1940 2670 2265 2754 Apuleius
2310 2672 2562 2737 Romae
2623 2673 3004 2755 versabatur

551 2772 912 2839 Frontonis
975 2782 1152 2841 secta
1207 2777 1308 2840 vel
1366 2777 1642 2839 maxime
1698 2773 1999 2838 videatur
2053 2773 2379 2852 floruisse,
2435 2772 2627 2839 facile
2684 2775 3008 2857 quispiam

554 2878 918 2959 suspicetur
960 2879 1318 2960 Apuleium
1363 2877 1813 2943 familiaritate
1870 2877 2313 2958 antiquarium
2356 2876 2616 2941 illorum
2660 2898 2845 2940 usum
2891 2897 3009 2959 per

555 2978 674 3043 hos
719 2980 895 3062 ipsos
949 2982 1017 3045 in
1066 2980 1338 3045 eandem
1395 3001 1592 3062 quam
1647 2977 1746 3042 illi
1801 2978 2240 3060 sequebantur
2294 2980 2613 3043 rationem
2668 2979 3008 3042 vetustatis

557 3082 985 3148 ostentandae
1043 3104 1183 3147 esse
1247 3082 1618 3147 adductum.
1717 3081 1833 3145 sed
1874 3082 2069 3143 etiam
2130 3082 2299 3145 hanc
2354 3082 2721 3164 opinionem
2774 3102 3009 3145 vanam

559 3182 854 3247 dixerim.
964 3184 1286 3267 Apuleius
1347 3185 1517 3249 enim
1578 3204 1706 3247 non
1767 3183 1959 3246 modo
2023 3190 2260 3247 natura
2331 3189 2527 3265 atque
2599 3183 2815 3248 indole
2875 3190 3012 3247 tam

559 3284 853 3350 diversus
899 3294 1043 3352 erat
1084 3288 1168 3351 ab
1213 3286 1470 3369 ingenio
1516 3286 1902 3365 FrontoniS,
1960 3290 2035 3349 ut
2077 3306 2317 3367 paucos
2360 3285 2507 3349 illos
2552 3306 2836 3365 menseS,
2895 3306 3013 3368 per

559 3409 722 3470 quos
780 3389 1030 3454 Romae
1087 3389 1499 3469 versabatur,
1557 3388 1702 3451 aliis
1760 3388 1956 3453 rebus
2010 3387 2382 3470 impendere
2432 3387 2689 3470 mallet,
2760 3386 2876 3451 sed
2932 3408 3011 3452 ne

557 3496 819 3573 poterat
862 3492 1124 3574 quidem
1155 3497 1370 3555 sectae
1401 3491 1497 3555 illi
1529 3511 1595 3555 se
1628 3490 1950 3555 addicere.
2040 3512 2193 3555 nam
2224 3490 2502 3573 proximi
2532 3488 3013 3571 familiaresque

560 3592 932 3672 Frontonis,
977 3596 1089 3677 qui
1133 3614 1264 3657 non
1305 3594 1402 3658 ita
1442 3593 1635 3675 longe
1679 3598 1875 3657 antea
1921 3593 2148 3658 consul
2188 3592 2417 3656 fuisset
2444 3593 2769 3674 variisque
2815 3593 3014 3656 hono-

559 3693 740 3757 ribus
785 3703 1157 3776 ornaretur,
1221 3697 1335 3779 qui
1391 3696 1817 3778 imperatores
1865 3695 2311 3759 adolescentes
2365 3696 2747 3775 instrueret,
2797 3716 3015 3758 omnes

563 3795 663 3858 vel
703 3796 966 3861 fortuna
1009 3800 1109 3863 vel
1139 3818 1373 3880 genere
1404 3798 1652 3863 nobiles
1683 3804 1871 3862 erant
1925 3796 2036 3883 (cf.
2071 3794 2242 3861 Gell.
2280 3801 2377 3877 19,
2429 3798 2537 3882 10)
2576 3796 3017 3878 grandemque

567 3898 704 3960 sine
747 3897 944 3964 dubio
986 3903 1328 3983 pecuniam
1367 3902 1476 3965 ille
1520 3921 1560 3963 a
1605 3900 1939 3983 discipulis
1988 3899 2309 3981 exigebat,
2369 3919 2517 3963 cum
2562 3898 3016 3962 divitissimum

569 4020 716 4063 eum
760 3998 1004 4067 factum
1049 4024 1184 4068 esse
1217 4004 1316 4069 vel
1346 4003 1496 4067 inde
1527 4011 1861 4087 appareat,
1910 4002 2085 4084 quod
2115 4003 2339 4066 villam
2370 4002 2773 4066 Maecenatis
2807 4020 3018 4065 emere

568 4108 851 4184 poterat.
943 4112 1141 4186 atque
1185 4108 1382 4170 etiam
1412 4107 1648 4188 reliqui
1682 4104 2110 4187 provinciales
2147 4105 2626 4186 Frontonisque
2665 4102 3019 4168 familiares

566 4205 1002 4271 nobilissimos
1047 4213 1303 4272 tantum
1346 4208 1894 4289 divitissimosque
1944 4207 2297 4290 discipulos
2341 4208 2642 4271 habuisse
2698 4204 3019 4287 videntur,

571 4328 718 4372 cum
777 4310 1012 4390 quibus
1056 4309 1241 4374 Baiis
1301 4310 1504 4396 (Geli.
1569 4315 1668 4390 18,
1730 4315 1789 4391 5,
1857 4310 1921 4395 1)
1983 4309 2084 4373 vel
2128 4308 2410 4391 Neapoli
2466 4308 2653 4395 (ibid.
2715 4312 2773 4387 9,
2830 4310 2887 4387 5,
2955 4306 3020 4393 1)

574 4412 677 4475 vel
739 4412 807 4475 in
873 4402 1017 4477 aliis
1075 4414 1449 4496 regionibus
1513 4414 1799 4477 amoenis
1861 4418 2115 4493 tempus
2188 4413 2507 4476 aestivum
2574 4415 2860 4475 tererent
2923 4410 3025 4474 vel

567 4514 815 4580 Romae
861 4517 1280 4599 epularentur
1312 4514 1513 4602 (Gell.
1551 4519 1650 4597 19,
1699 4520 1757 4596 9,
1810 4514 1898 4603 2).
1990 4514 2277 4597 Apuleio
2312 4535 2483 4596 vero,
2531 4514 2645 4597 qui
2673 4512 3022 4578 imminuta

2673 4632 2708 4683 2
