3481 5121
2282 737 2429 903 ,ᾖ
2479 752 2871 926 4)(ερ

505 1052 747 1183 Haud
774 1120 870 1184 ita
899 1119 1120 1196 multis
1156 1119 1340 1182 annis
1371 1123 1519 1200 post
1549 1116 2017 1200 Carthaginem
2048 1117 2328 1182 deletam
2355 1117 2637 1182 Romani
2670 1118 2945 1201 primam

507 1222 828 1287 coloniam
856 1223 924 1284 in
952 1221 1250 1285 Africam
1282 1220 1706 1285 deduxerunt.
1774 1241 1853 1284 ex
1880 1221 2005 1298 hoc
2024 1221 2165 1303 ipso
2194 1227 2483 1303 tempore
2512 1222 2709 1285 etiam
2740 1242 2947 1285 sermo

502 1326 747 1390 latinus
792 1346 867 1389 eo
897 1323 1239 1388 transferri
1268 1321 1532 1407 coeptus
1577 1328 1696 1404 est,
1743 1344 1873 1387 non
1902 1323 2262 1406 perpolitus
2307 1318 2418 1388 ille
2464 1323 2643 1394 cultu
2674 1323 2942 1402 urban0,

507 1449 635 1510 quo
674 1427 1093 1510 subsequenti
1121 1427 1379 1491 saeculo
1424 1426 1740 1509 imprimis
1788 1432 2003 1491 aetate
2036 1425 2463 1491 Ciceroniana
2492 1423 2786 1506 florebat,
2834 1427 2948 1490 sed

506 1528 687 1593 rudis
754 1530 1280 1612 inconditusque,
1351 1529 1532 1593 cuius
1595 1529 1877 1611 speciem
1934 1550 2013 1593 ac
2073 1529 2347 1594 formam
2408 1549 2489 1592 ne
2550 1549 2631 1592 ex
2694 1528 2947 1610 priscae

509 1631 771 1712 quidem
820 1632 1168 1697 latinitatis
1221 1631 1512 1713 reliquiis
1565 1630 1909 1695 salebrosis
1965 1631 2377 1713 horridisque
2432 1632 2797 1695 accuratius
2850 1651 2947 1694 re-

505 1733 747 1817 fingere
793 1723 1020 1817 possis.
1090 1735 1374 1800 seclusus
1417 1734 1510 1799 ibi
1555 1735 1638 1799 ab
1683 1734 1931 1816 impetu
1976 1755 2070 1815 e0,
2118 1755 2245 1816 quo
2275 1733 2542 1798 Romae·
2572 1731 2947 1797 ferebantur

505 1835 846 1900 literarum
912 1836 1156 1916 studia,
1223 1857 1342 1920 per
1407 1836 1718 1900 ducentos
1785 1836 1919 1900 fere
1981 1857 2185 1900 annos
2252 1835 2447 1900 latuit
2507 1857 2625 1900 nec
2688 1836 2946 1899 omnino

507 1940 724 2022 potuit
794 1939 983 2003 initio
1069 1938 1428 2003 liberaliter
1503 1938 1655 2019 coli,
1748 1959 1894 2002 cum
1976 1938 2267 2020 angustis
2338 1937 2573 2002 finibus
2649 1938 2949 2002 detentus

511 2041 834 2122 variisque
878 2041 1356 2124 impedimentis
1403 2041 1751 2106 obstrictus
1780 2040 2033 2105 tardius
2078 2047 2385 2124 serperet.
2460 2061 2669 2122 neque
2713 2041 2791 2120 ei,
2840 2041 2952 2122 qui

511 2143 577 2205 in
635 2141 937 2207 Africam
977 2144 1326 2209 veniebant
1377 2143 1660 2208 Romani
1713 2143 2127 2208 emendatum
2186 2163 2547 2207 sermonem
2598 2140 2951 2223 literasque

513 2244 815 2309 cultiores
883 2266 959 2310 eo
1011 2245 1523 2326 transferebant,
1593 2245 1834 2328 quippe
1892 2247 2004 2328 qui
2068 2245 2448 2329 negotiandi
2502 2244 2604 2308 vel
2668 2244 2952 2308 muneris

510 2346 785 2412 alicuius
852 2347 1353 2413 administrandi
1409 2369 1604 2412 causa
1669 2348 1738 2410 in
1793 2349 2191 2431 provinciam
2244 2346 2723 2430 proficiscentes
2774 2346 2954 2410 brevi

509 2470 577 2513 se
640 2449 791 2520 inde
849 2471 1214 2515 recessuros
1282 2451 1522 2515 scirent
1585 2456 1649 2515 et
1710 2454 1981 2534 propter
2048 2451 2311 2532 negotia
2368 2449 2468 2514 vel
2532 2449 2795 2532 publica
2854 2449 2954 2512 vel

508 2552 768 2634 privata
811 2552 1018 2618 literis
1061 2552 1154 2618 ibi
1189 2575 1422 2618 vacare
1466 2575 1596 2618 non
1639 2559 1923 2636 possent.
1999 2553 2243 2618 literati
2288 2557 2460 2617 certe
2490 2551 2781 2616 homines
2824 2574 2954 2615 non

508 2655 862 2721 barbaram
904 2661 1178 2737 terram,
1231 2656 1348 2721 sed
1390 2656 1697 2736 Romam,
1754 2657 2007 2739 imperii
2052 2661 2273 2739 caput,
2319 2655 2647 2738 petebant.
2735 2656 2955 2735 itaque

510 2756 700 2822 facile
755 2757 1129 2838 accidisset,
1190 2764 1265 2822 ut
1323 2780 1532 2823 sermo
1583 2758 1824 2823 latinus
1877 2759 1945 2822 in
2003 2758 2235 2823 Africa
2292 2778 2545 2840 semper
2599 2762 2781 2821 arcto
2835 2777 2956 2819 usu

517 2859 903 2925 terminatus
949 2881 1143 2944 aegre
1190 2882 1258 2925 se
1303 2862 1681 2941 sustineret3
1745 2867 1919 2925 certe
1962 2882 2295 2944 nunquam
2337 2861 2447 2925 ille
2492 2880 2636 2924 eam
2680 2859 2955 2923 auctori-

518 2965 721 3025 tatem
778 2961 871 3025 ibi
928 2969 1308 3028 consecutus
1375 2970 1576 3045 esset,
1647 2986 1777 3047 qua
1839 2964 1991 3028 inde
2052 2963 2141 3027 ab
2209 2963 2489 3027 secundo
2555 2984 2617 3045 p.
2680 2960 2835 3027 Chr.
2890 2983 2951 3023 n.

515 3061 770 3126 saeculo
815 3063 917 3127 vel
959 3064 1028 3127 in
1069 3064 1276 3129 literis
1322 3067 1535 3149 coepit
1591 3067 1867 3130 multum
1908 3067 2141 3146 valere,
2201 3066 2325 3129 nisi
2363 3065 2647 3130 Romani
2688 3064 2956 3127 maxim-

511 3184 706 3248 opere
759 3164 828 3229 id
871 3166 1179 3248 egissent,
1239 3170 1313 3231 ut
1351 3168 1554 3233 Afros
1602 3168 1688 3231 ad
1745 3190 2083 3245 romanum
2128 3168 2371 3231 cultum
2430 3173 2496 3231 et
2540 3167 2951 3250 disciplinam

511 3266 874 3349 adigerent.
943 3288 1094 3333 nam
1139 3290 1286 3333 cum
1329 3272 1779 3353 cognovissent
1824 3292 2021 3353 quam
2064 3269 2341 3335 fecunda
2385 3268 2693 3333 frumenti
2720 3268 2955 3333 Africa

512 3375 682 3434 esset
698 3370 751 3455 1)
783 3370 1254 3454 frequentiores
1286 3370 1571 3436 colonias
1616 3393 1692 3436 eo
1725 3373 2077 3438 mittebant
2121 3378 2187 3437 et
2224 3373 2529 3452 exercitu,
2577 3373 2689 3453 qui
2719 3372 2955 3435 stativa

513 3480 728 3537 castra
771 3473 863 3538 ibi
908 3474 1229 3554 habebat,
1288 3474 1685 3556 provinciam
1729 3476 2117 3540 tutabantur
2160 3475 2243 3540 ab
2288 3474 2763 3539 incursionibus
2804 3473 2955 3539 vici-

512 3594 742 3638 narum
786 3577 1075 3658 gentium
1114 3576 1476 3640 latrociniis
1521 3576 1957 3641 adsuetarum.
2034 3578 2148 3641 sed
2189 3578 2413 3641 rustici
2456 3577 2667 3641 coloni
2696 3578 2958 3641 milites-

514 3693 638 3754 que
689 3676 1002 3742 limitanei
1069 3684 1135 3743 et
1189 3677 1532 3760 legionarii
1587 3700 1666 3743 ex
1720 3672 2017 3745 omnibus
2081 3680 2334 3762 imperii
2392 3679 2691 3762 partibus
2750 3680 2958 3743 coacti

513 3798 724 3859 neque
783 3779 869 3842 ad
927 3780 1394 3863 divulgandum
1452 3801 1659 3862 neque
1714 3781 1801 3845 ad
1860 3780 2313 3865 expoliendum
2364 3781 2549 3846 illum
2602 3802 2960 3847 sermonem

513 3879 670 3943 satis
742 3879 958 3945 idonei
1029 3889 1236 3947 erant.
1338 3882 1495 3948 Afri
1568 3890 1793 3949 autem
1864 3885 2208 3967 indigenae
2244 3883 2594 3966 ,quamdiu
2655 3889 2959 3968 poterant

511 3980 774 4064 linguae
802 3982 1044 4047 latinae
1072 3986 1382 4068 punicam
1426 3992 1494 4051 et
1523 3986 1827 4069 graecam
1854 3987 2330 4070 praeferebant,
2378 4008 2655 4070 quarum
2681 3992 2957 4067 utraque

511 4083 840 4167 plerisque
883 4085 1124 4150 usitata
1167 4086 1502 4170 literisque
1563 4089 1849 4154 habilior
1901 4096 2042 4154 erat
2096 4111 2293 4173 quam
2334 4089 2707 4154 horridulus
2750 4109 2958 4153 sermo

691 4308 734 4377 ²)
773 4307 841 4361 cf.
870 4306 986 4361 Cic.
1019 4305 1090 4359 de
1125 4306 1260 4375 imp.
1299 4306 1400 4360 On.
1427 4306 1624 4376 Pomp.
1653 4326 1699 4362 c.
1729 4310 1821 4376 123
1858 4308 1983 4363 Tac.
2012 4327 2139 4362 ann.
2169 4310 2249 4375 12,
2290 4311 2381 4377 433
2420 4308 2565 4361 Plin.
2592 4326 2645 4362 n.
2674 4308 2728 4364 h.
2757 4310 2837 4374 17,
2868 4310 2931 4362 13
2942 4330 2956 4377 3

515 4395 650 4449 God.
674 4394 886 4449 Theod.
915 4395 998 4459 14,
1028 4394 1108 4457 15,
1133 4394 1166 4445 3
1203 4392 1354 4447 unde
1390 4397 1630 4463 apparet
1667 4399 1838 4464 caput
1873 4396 1957 4449 rei
1993 4395 2402 4449 frumentariae
2426 4395 2573 4447 hanc
2606 4395 2957 4461 provinciam

514 4478 792 4535 Romanis
831 4480 1134 4535 exstitisse.

2624 4583 2651 4635 1

1373 4842 1390 4857 ’
1435 4880 1901 4987 529166
