3481 5121
1744 373 1831 435 49

564 578 634 643 in
689 577 868 642 Itala
922 581 1174 641 aestum
1234 575 1396 641 Luc.
1465 579 1563 657 12,
1627 580 1728 658 55,
1789 597 2017 659 agrum
2075 576 2305 640 Ioann.
2366 573 2429 652 4,
2490 575 2548 652 5,
2603 570 2997 657 baptismum

564 680 801 746 Matth.
850 683 952 760 21,
1000 683 1101 760 25,
1147 679 1308 744 Luc.
1353 684 1455 759 20,
1501 684 1562 761 4,
1619 678 1910 764 gladium
1950 680 2141 746 Rom.
2196 686 2255 763 8,
2316 688 2395 747 35
2442 676 2679 760 (Lucil.
2741 700 2803 764 p.
2856 681 2996 758 143,

567 789 670 864 85,
716 782 987 867 Μ11011.),
1032 782 1302 848 humera
1346 805 1463 869 pro
1506 784 1760 849 humeri
1801 783 2036 849 Matth.
2070 788 2171 864 23,
2215 789 2276 868 4,
2320 786 2625 871 laqueum
2672 781 2785 848 Os,
2831 786 2888 861 5,
2940 786 2997 864 1,

565 886 989 969 margaritum
1033 906 1213 971 apoc.
1265 890 1362 967 18,
1415 892 1492 952 12
1537 887 1832 973 (Petron.
1879 886 2012 973 63),
2064 888 2447 973 palpebrum
2502 886 2731 973 psalm.
2793 890 2889 965 10,
2938 889 2994 965 5,

569 989 777 1077 (Cael.
823 987 1053 1054 Aurel.
1111 994 1280 1054 acut.
1345 993 1399 1070 1,
1464 994 1524 1071 8,
1579 993 1683 1070 85,
1730 989 1948 1056 0111011.
2002 994 2061 1070 2,
2122 995 2177 1072 1,
2235 995 2302 1071 5;
2361 996 2421 1073 2,
2486 995 2540 1071 1,
2595 988 2685 1074 8),
2731 993 2999 1073 puteum

566 1093 794 1158 Ioann.
853 1094 914 1172 4,
978 1094 1053 1155 11
1120 1089 1364 1176 (Varro
1419 1091 1597 1178 apud
1647 1091 1820 1157 Non.
1880 1114 1945 1180 p.
2001 1093 2176 1178 217),
2239 1098 2478 1159 testum
2523 1092 2725 1159 Sirac.
2773 1095 2874 1171 22,
2941 1095 2997 1171 7,

567 1195 992 1261 thensaurum
1054 1194 1216 1259 Luc.
1284 1198 1392 1275 12,
1457 1198 1556 1259 34.
1658 1217 1865 1260 sexus
1934 1217 2167 1280 genere
2227 1201 2455 1263 neutro
2516 1196 2800 1282 positum
2862 1214 2997 1258 esse

569 1298 825 1364 videtur
891 1297 970 1362 de
1033 1296 1253 1362 mund.
1320 1301 1429 1377 223
1504 1298 1596 1363 sic
1663 1299 2128 1366 vetustioribus
2200 1298 2363 1364 illud
2438 1297 2746 1364 usitatum
2802 1297 2998 1361 fuisse

567 1400 772 1467 tradit
813 1401 1188 1467 Priscianus
1234 1405 1273 1466 5
1317 1424 1380 1489 p.
1435 1406 1552 1466 162
1599 1401 1849 1482 Hertz„
1905 1401 2021 1467 sed
2051 1401 2459 1489 Apuleianus
2505 1401 2682 1467 locus
2726 1423 2854 1466 non
2902 1407 2999 1466 est

574 1510 820 1582 certus;
871 1503 948 1568 cf.
995 1504 1253 1570 Koziol.
1297 1505 1340 1568 1.
1387 1526 1440 1570 c.
1487 1527 1546 1591 p.
1596 1509 1740 1586 232,
1788 1509 1847 1568 2.

739 1607 843 1672 De
925 1607 1388 1674 adiectivorum
1470 1606 1930 1673 inclinamento
2028 1607 2268 1673 -bilis
2353 1608 2516 1673 form
2524 1613 2779 1672 aterum
2878 1627 2999 1671 usu

570 1711 893 1797 frequenti
939 1710 1018 1775 cf.
1065 1734 1130 1799 p.
1175 1715 1275 1776 35.
1363 1709 1853 1775 aerumnabilis
1895 1715 2046 1776 met.
2095 1715 2152 1792 1,
2203 1716 2269 1791 13
2318 1715 2377 1792 8,
2425 1714 2498 1790 9;
2547 1713 2605 1792 9,
2658 1714 2754 1790 15,
2802 1709 2997 1774 Lucr.

569 1819 626 1895 6,
686 1819 872 1896 1227,
929 1814 1011 1879 ab
1066 1835 1376 1880 aerumna
1433 1813 1821 1895 derivatum,
1880 1834 2075 1900 quam
2130 1833 2350 1879 vocem
2403 1814 2817 1878 Erdmannus
2869 1813 2999 1876 iam

571 1917 902 1984 Ciceronis
945 1922 1161 1982 aetate
1207 1917 1566 1983 obsoletam
1610 1916 1810 1982 fuisse
1854 1915 2029 1980 dicit.
2115 1918 2285 1982 unde
2344 1917 2469 1981 hoc
2520 1916 2853 1999 collegerit
2894 1937 2996 1980 me

573 2020 834 2107 quidem
879 2020 1046 2103 fugit
1090 2041 1234 2085 cum
1290 2020 1392 2084 vel
1437 2019 1667 2086 Cicero
1723 2025 1790 2084 et
1850 2020 2252 2086 substantivo
2306 2041 2615 2084 aerumna
2670 2019 2890 2104 (Tusc.
2940 2023 2996 2099 3,

571 2127 672 2204 34,
731 2128 834 2204 83,
891 2123 1035 2187 aliis
1087 2122 1277 2209 locis)
1335 2128 1402 2187 et
1445 2122 1762 2188 adiectivo
1824 2143 2241 2187 aerumnosus
2287 2123 2506 2207 (Tusc.
2555 2127 2613 2202 3,
2676 2126 2779 2201 28,
2840 2120 2997 2186 ibid.

570 2230 642 2307 4,
686 2226 797 2309 38)
860 2246 1014 2290 usus
1087 2227 1190 2290 sit.
1247 2265 1328 2274 —
1390 2226 1654 2292 nomina
1720 2225 2045 2290 adiectiva
2105 2225 2171 2288 in
2225 2224 2455 2289 ——tilis
2515 2223 2877 2288 desinentia
2935 2224 2998 2288 vi

575 2334 769 2413 atque
858 2327 1327 2411 significatione
1404 2350 1608 2416 prope
1683 2328 2001 2394 accedunt
2098 2326 2185 2392 ad
2265 2349 2452 2392 usum
2536 2327 3001 2392 adiectivorum

574 2432 928 2497 verbalium
983 2432 1050 2496 in
1105 2454 1302 2508 -·τος
1358 2431 1800 2498 formatorum.
1893 2431 2089 2496 etiam
2132 2431 2363 2495 horum
2406 2435 2585 2496 aetas
2627 2429 3003 2515 Apuleiana

572 2541 637 2601 et
683 2535 850 2621 quae
894 2540 1118 2601 secuta
1174 2537 1324 2601 sunt
1377 2540 1674 2622 tempora
1726 2534 2004 2601 fecunda
2048 2540 2250 2600 erant.
2337 2533 2540 2599 Itala:
2598 2533 3002 2599 inconsutilis

569 2639 799 2705 Ioann.
879 2643 991 2719 19,
1068 2643 1181 2720 23,
1255 2638 1596 2725 perflatilis
1660 2640 1894 2720 Ierem.
1970 2642 2085 2719 22,
2165 2641 2274 2718 14,
2349 2637 2731 2723 productilis
2797 2636 2999 2703 Sirac.

569 2746 672 2824 50,
725 2746 824 2822 18,
869 2742 1188 2827 sculptilis
1218 2741 1393 2808 deut.
1427 2747 1529 2823 27,
1576 2745 1673 2823 15,
1714 2741 2042 2807 tornatilis
2072 2741 2298 2805 cantic.
2334 2744 2392 2821 5,
2428 2743 2527 2821 14,
2568 2740 2647 2805 cf.
2680 2739 3000 2805 Roensch.

527 2866 634 2930 .p.
691 2849 810 2909 116
857 2866 951 2931 sq.
1041 2844 1318 2911 electilzs
1360 2844 1562 2930 Apul.
1618 2851 1771 2911 met.
1837 2850 1933 2925 10,
2000 2847 2096 2923 15,
2142 2842 2359 2908 Plaut.
2414 2842 2604 2909 Most.
2656 2847 2714 2922 3,
2774 2846 2834 2923 2,
2893 2845 2997 2905 41.

576 2946 730 3011 huic
794 2947 950 3010 addi
1010 2952 1226 3032 potest
1287 2947 1569 3032 dapsilis
1622 2955 1774 3012 met.
1845 2953 1939 3028 11,
2002 2952 2059 3027 3,
2120 2946 2340 3012 Pla'ut.
2386 2947 2609 3010 Aulul.
2664 2950 2723 3026 2,
2788 2950 2841 3024 1,
2895 2948 3000 3027 47,

575 3049 770 3115 Most.
809 3052 873 3130 4,
924 3052 982 3130 3,
1026 3052 1130 3129 43,
1163 3048 1288 3113 Iul.
1322 3049 1542 3117 Valer.
1597 3055 1649 3129 1,
1695 3053 1813 3130 453
1862 3054 1919 3131 3,
1967 3055 2068 3115 30.
2114 3088 2199 3095 -
2240 3049 2700 3113 mustulentus
2742 3052 2892 3112 met.
2940 3052 2999 3130 2,

567 3155 628 3232 4,
676 3152 896 3216 Plaut.
944 3150 1119 3237 apud
1163 3151 1336 3217 Non.
1389 3158 1419 3215 1
1467 3173 1529 3237 p.
1577 3155 1657 3215 63
1703 3158 1865 3217 extr.
1954 3152 2251 3218 similiter
2303 3153 2566 3217 exibant
2618 3151 2825 3216 multa
2868 3151 3004 3215 alia

573 3256 740 3320 sicut
782 3254 1163 3320 macilentus
1194 3254 1415 3320 Plaut.
1450 3252 1642 3339 Capt.
1689 3259 1749 3335 3,
1794 3259 1854 3336 4,
1908 3259 2047 3338 114,
2092 3256 2287 3338 Vulg.
2318 3256 2490 3320 Dan.
2528 3260 2581 3335 1,
2638 3259 2731 3334 10,
2775 3258 3003 3319 0301111-

566 3359 780 3425 lentus
841 3357 1023 3425 Tert.
1086 3356 1240 3446 pall.
1299 3360 1362 3438 4,
1418 3356 1849 3424 farinulentus
1905 3357 2105 3445 Apul.
2164 3365 2316 3424 met.
2370 3364 2431 3439 9,
2494 3363 2590 3438 12,
2648 3356 3003 3422 lutulentus

569 3461 767 3549 Cypr.
823 3482 924 3548 ep.
985 3465 1088 3543 67,
1145 3466 1204 3543 6,
1264 3460 1645 3526 mucilentus
1689 3462 1942 3527 Arnob.
1990 3465 2049 3543 3,
2110 3466 2208 3544 13,
2266 3462 2633 3527 rosulentus
2686 3460 3001 3525 Prudent.

567 3566 789 3651 perist.
838 3568 896 3643 3,
949 3567 1090 3647 199,
1137 3564 1551 3630 sordulentus
1583 3563 1762 3630 Tert.
1807 3565 2049 3651 paenit.
2086 3570 2183 3629 11.
2216 3602 2303 3613 —-
2344 3562 2729 3650 obstupidus
2758 3570 2908 3629 met.
2946 3568 3001 3644 1,

570 3669 669 3747 15,
695 3666 914 3731 Plaut.
937 3667 1078 3732 Mil.
1101 3671 1164 3749 4,
1191 3671 1249 3747 6,
1277 3671 1379 3749 39,
1403 3666 1645 3732 Pacuv.
1673 3671 1774 3749 54,
1805 3667 2061 3734 Muson.
2087 3667 2263 3754 apud
2288 3666 2459 3734 Gell.
2488 3670 2545 3747 5,
2574 3671 2629 3747 1,
2656 3671 2714 3731 6.
2789 3665 3002 3733 omni-

568 3768 804 3833 modus
844 3775 995 3834 met.
1044 3775 1101 3851 5,
1149 3776 1251 3852 25,
1307 3769 1450 3835 flor.
1501 3774 1599 3851 18,
1655 3770 1738 3835 de
1780 3792 1950 3854 mag.
1998 3775 2109 3851 5ος
2160 3774 2259 3853 75,
2318 3768 2495 3857 apud
2542 3767 2905 3835 Varronem
2958 3772 2999 3836 1.

565 3871 607 3937 1.
657 3874 736 3935 37
785 3891 862 3935 ex
905 3874 1276 3939 coniectura
1304 3873 1627 3951 Muelleri3
1673 3873 2017 3939 Koziolius
2062 3873 2231 3939 hanc
2271 3872 2547 3938 formam
2590 3872 2674 3937 ab
2718 3872 3002 3960 Apuleio

567 3979 873 4039 novatam
927 3994 1066 4039 esse
1112 3975 1289 4041 dicit.
1375 3974 1565 4063 quies
1619 3974 1837 4059 ddgm.
1882 3975 2057 4042 Plat.
2104 3981 2165 4059 2,
2211 3981 2269 4057 5,
2314 3975 2527 4043 Naev.
2574 3974 2754 4062 apud
2796 3976 3002 4042 Prisc.

567 4081 606 4141 6
649 4098 713 4163 p.
748 4080 872 4143 243
916 4075 1144 4143 Hertz.
1191 4076 1282 4163 (p.
1319 4082 1444 4143 704
1486 4077 1616 4164 Ρ.),
1663 4078 1873 4144 Licin.
1921 4078 2089 4145 Mac.
2133 4077 2314 4160 ibid„
2358 4079 2611 4165 inquies
2650 4078 2804 4144 Tac.
2853 4086 2999 4143 ann.

569 4185 624 4261 1,
673 4185 788 4261 683
855 4183 914 4261 3,
960 4181 1031 4259 43
1092 4183 1192 4260 16,
1243 4182 1342 4261 14,
1401 4181 1610 4267 Apul:
1647 4188 1799 4247 met.
1846 4186 1909 4263 2,
1960 4184 2070 4262 163
2116 4186 2175 4263 9,
2220 4183 2338 4260 42;
2379 4182 2704 4268 irrequies
2749 4181 3002 4247 Auson.

568 4282 818 4370 ephem.
866 4287 1030 4348 orat.
1082 4286 1181 4364 16,
1227 4283 1484 4349 Paulin.
1516 4283 1756 4350 Nolan.
1804 4305 2000 4350 carm.
2048 4288 2107 4365 5,
2160 4287 2257 4350 16.
2332 4283 2693 4372 deincipiti
2725 4284 2835 4349 die
2863 4284 3001 4350 flor.

572 4390 670 4467 16,
720 4391 888 4452 teste
934 4384 1147 4451 Paulo
1188 4407 1249 4472 p.
1290 4391 1368 4451 75
1416 4387 1740 4453 veteribus
1784 4387 2098 4453 usitatum
2142 4393 2284 4453 erat
2327 4387 2627 4474 deinceps
2672 4387 3001 4471 deincipis.

567 4488 866 4575 equidem
921 4488 1216 4575 suspicor
1270 4488 1580 4574 deincipti
1632 4489 1738 4555 die
1788 4489 2179 4555 locutionem
2230 4490 2430 4557 fuisse
2484 4512 2737 4577 semper
2779 4490 3003 4555 tritam

565 4590 851 4658 eiusdem
894 4592 1150 4678 generis
1177 4596 1375 4679 'atque
1403 4591 1712 4679 post(e)ri
1742 4592 1866 4673 die,
1911 4592 2139 4677 pridie,
2186 4592 2442 4675 cotidie,
2488 4592 2593 4658 die
2626 4593 2854 4679 quinti,
2900 4593 3005 4658 die

2662 4714 2698 4765 4
