3481 5121
1651 256 1858 316 ·39

595 461 1000 526 substantiva
1042 461 1292 546 primae
1338 447 1787 524 declinationis
1820 461 2247 538 ¹transierunt,
2297 459 2373 523 cf.
2420 459 2781 540 nubigenae
2827 460 3029 524 nimbi

596 564 798 629 Prud.
841 565 1118 628 ham-art.
1151 568 1298 644 486,
1346 564 1672 654 terrigena
1714 563 1887 626 Iren.
1923 567 1981 642 2,
2031 568 2089 642 2,
2136 563 2438 626 Mamert.
2486 583 2716 645 paneg.
2751 562 2815 624 in
2849 563 3023 626 Max.

591 672 686 746 4,-
725 667 990 752 Coripp.
1040 667 1381 732 Iohannid.
1435 671 1500 746 1,
1548 670 1706 745 455,
1752 666 2113 748 alienigena
2159 665 2351 752 Cypr.
2402 664 2485 728 ad
2530 664 2873 728 Fortunat.
2925 669 3024 746 11,

594 770 678 834 ad
741 771 1030 834 Demetr.
1095 775 1207 848 22,
1270 765 1679 852 flammigena
1737 767 1959 834 Sidon.
2022 789 2215 832 carm.
2281 771 2389 848 13,
2452 772 2519 847 9,
2581 765 3027 850 Caucasigena

593 873 814 938 Sidon.
875 895 974 960 ep.
1035 877 1106 952 4,
1170 877 1235 950 1,
1299 872 1730 955 Dodonigena
1788 871 1943 937 ibid.
2004 877 2071 952 6,
2136 876 2244 951 12,
2308 869 2743 952 Saturnigena
2802 868 3023 934 Sidon.

593 998 786 1040 carm.
835 981 892 1057 9,
945 981 1084 1051 132,
1133 977 1280 1040 3113.
1344 975 1640 1061 penz'tuS,
1689 998 1747 1057 a,
1794 998 1904 1039 um
1948 981 2099 1038 met.
2152 979 2250 1054 11,
2299 978 2357 1055 6,
2389 972 2594 1037 Naev.
2632 978 2771 1051 122,
2804 973 3023 1039 Plaut.

593 1079 780 1143 Asin.
841 1084 895 1158 1,
954 1085 1009 1159 1,
1065 1084 1145 1142 28
1200 1078 1401 1163 (Cist.
1455 1083 1510 1157 1,
1572 1083 1626 1158 1,
1689 1083 1770 1141 65
1827 1083 1893 1142 et
1943 1075 2123 1140 Pers.
2170 1081 2230 1159 4,
2283 1083 2339 1157 3,
2386 1081 2485 1156 61,
2533 1077 3022 1161 penitissimus).

591 1183 714 1246 Iul.
765 1181 984 1248 Valer.
1047 1187 1108 1261 1,
1169 1185 1280 1261 343
1343 1186 1407 1261 3,
1470 1187 1579 1261 61;
1629 1187 1696 1262 3,
1747 1186 1855 1260 68,
1919 1178 2147 1245 Claud.
2208 1181 2506 1244 Mamert.
2562 1183 2713 1242 stat.
2772 1179 3024 1243 animae

594 1290 651 1364 2,
705 1290 760 1365 7,
807 1285 1095 1349 Macrob.
1147 1291 1266 1348 sat.
1313 1288 1370 1361 5,
1424 1289 1520 1364 19,
1571 1288 1676 1363 16;
1727 1290 1785 1363 5,
1833 1288 1933 1362 22,
1986 1287 2062 1346 15
2119 1283 2577 1368 penitissimuS,
2623 1281 2818 1345 Mart.
2860 1279 3020 1367 Cap.

597 1393 634 1450 6
678 1388 715 1473 Q
763 1393 886 1451 600
946 1394 1011 1452 et
1057 1391 1200 1468 640,
1249 1386 1470 1454 Sidon.
1519 1409 1616 1472 ep.
1663 1391 1723 1466 4,
1772 1390 1808 1449 9
1865 1386 2280 1473 penitissime.
2344 1382 2912 1470 postremissimus
2943 1384 3023 1449 de

586 1513 752 1574 mag.
809 1497 924 1572 89,
983 1491 1260 1557 Gracch.
1321 1489 1496 1576 apud
1557 1489 1726 1556 Gell.
1781 1495 1891 1570 15,
1944 1495 2051 1572 12,
2100 1494 2169 1571 3,
2218 1488 2394 1553 Tert.
2441 1488 2589 1552 cult.
2638 1487 2785 1551 fem.
2835 1492 2904 1568 2,
2954 1493 3021 1565 1;

589 1594 884 1660 similiter
947 1593 1250 1658 dicebant
1309 1594 1654 1658 extremior
1711 1592 1913 1679 Apul.
1973 1599 2122 1657 met.
2191 1597 2253 1672 1,
2313 1597 2385 1671 8;
2453 1595 2508 1670 7,
2572 1595 2640 1670 2,
2702 1590 2880 1654 Tert.
2944 1589 3023 1654 de

581 1698 799 1760 anima
867 1702 947 1761 33
1015 1697 1142 1776 bis,
1213 1696 1387 1779 Aug.
1455 1696 1617 1760 conf.
1686 1701 1795 1776 12,
1866 1700 1979 1774 293
2050 1695 2551 1760 extremissimus
2612 1692 2788 1757 Tert.
2852 1693 3021 1779 apol.

588 1803 697 1878 19,
766 1800 1246 1863 minimissimus
1324 1798 1576 1864 Arnob.
1648 1803 1718 1880 5,
1791 1804 1856 1878 73
1928 1803 1995 1879 5,
2066 1802 2171 1879 14,
2241 1797 2413 1862 Iren.
2483 1801 2552 1877 2,
2628 1801 2691 1875 1,
2761 1797 3023 1860 novissi-

581 1902 746 1966 mior
805 1907 954 1966 acta
1011 1903 1272 1988 Perp'et.
1335 1909 1399 1967 et
1452 1902 1707 1966 Felicit.
1774 1906 1836 1982 1,
1896 1901 2213 1987 pluriores
2269 1900 2499 1967 Victor
2555 1898 2807 1966 VitenS.
2872 1899 3021 1962 hist.

582 2025 824 2090 persec.
915 2005 1123 2070 Afric,
1173 2010 1242 2085 3,
1291 2009 1408 2084 323
1459 2004 1538 2070 cf.
1585 2005 1781 2068 etiam
1829 2003 1967 2070 Ott.
2013 2005 2081 2068 in
2126 2026 2267 2067 nov.
2316 2003 2530 2066 annal.
2579 2001 2801 2087 philol.
2855 2005 3019 2065 1875

580 2131 643 2194 p.
696 2115 814 2173 787
865 2129 959 2192 sq.

756 2212 938 2275 Inter
983 2209 1291 2275 adverbia
1337 2209 1761 2294 principalem
1801 2208 1977 2294 apud
2007 2208 2353 2293 scriptores
2384 2207 2619 2272 aetatis
2658 2205 3019 2270 Caesareae

583 2315 958 2401 posterioris
1026 2313 1321 2378 obtinent
1385 2313 1626 2392 locum,
1694 2333 1861 2397 quae
1927 2313 1993 2375 in
2052 2316 2241 2375 —ter
2300 2316 2365 2374 et
2421 2308 2697 2388 -—(t)z'm
2766 2315 3019 2373 exeunt.

582 2418 955 2482 terminatio
1001 2422 1189 2480 —ter
1225 2438 1354 2480 non
1401 2414 1608 2480 solum
1651 2416 1765 2480 ubi
1797 2415 2087 2479 excusari
2116 2421 2349 2500 potest,
2396 2413 2665 2477 velutin
2697 2412 3023 2477 adverbiis

581 2541 621 2585 a
683 2521 1050 2608 participiis
1116 2520 1474 2606 praesentis
1541 2520 1736 2584 activi
1799 2519 2090 2584 formatis
2153 2516 2615 2597 adhibebatur,
2680 2515 2793 2579 sed
2856 2514 3022 2579 falsa

541 2634 546 2637 '
583 2624 886 2705 analogia
931 2624 1194 2709 irrepsit
1238 2624 1432 2687 etiam
1479 2623 1544 2686 in
1590 2624 1747 2703 alia,
1807 2621 2127 2687 secundae
2183 2620 2634 2685 declinationis
2678 2618 3018 2683 adiectiva.

580 2728 742 2791 haec
783 2748 940 2812 prae
990 2726 1220 2791 ceteris
1255 2726 1608 2811 Apuleium
1652 2726 2011 2811 priscorum
2046 2724 2505 2788 imitandorum
2537 2743 2731 2787 causa
2762 2720 3021 2785 affecta-

581 2831 746 2894 visse
779 2829 1176 2894 contendunt
1208 2828 1320 2913 (cf.
1353 2829 1726 2893 Kretschm.
1762 2851 1823 2915 p.
1858 2830 1989 2913 62).
2059 2827 2386 2914 exempliS,
2422 2847 2587 2912 quae
2619 2825 3021 2889 Roenschius

581 2954 642 3019 p.
686 2936 802 2997 149
853 2938 1188 2998 enumerat
1231 2932 1399 2996 adde
1430 2930 2097 3015 unanimiterVopisc.
2133 2931 2286 2996 Tac.
2320 2934 2379 3010 4,
2414 2929 2721 2993 amariter
2750 2928 3018 2992 Hieron.

582 3057 680 3121 ep.
744 3040 860 3115 23,
901 3036 1198 3121 pleniter
1242 3034 1497 3099 Ennod.
1547 3038 1615 3113 5,
1680 3038 1793 3113 16,
1852 3035 2103 3097 noviter
2160 3031 2412 3095 anecdt.
2460 3031 2720 3112 Hageni
2764 3052 2825 3115 p.
2877 3034 3017 3094 167.

586 3138 966 3203 Pauckerus
1022 3139 1087 3201 in
1137 3135 1413 3202 addend.
1460 3137 1582 3199 lex.
1628 3136 1736 3199 lat.
1788 3157 1851 3222 p.
1898 3141 1978 3200 87
2026 3142 2090 3200 et
2135 3137 2199 3199 in
2246 3134 2449 3219 spicil.
2496 3132 2847 3197 addendor.
2895 3133 3018 3197 lex.

485 3318 494 3322 -
579 3242 693 3305 lat.
756 3264 819 3327 p.
882 3246 1006 3305 219
1062 3242 1184 3320 eie,
1247 3261 1414 3326 quae
1471 3238 1677 3303 Neue.
1737 3239 2163 3303 formenlehre
2208 3243 2246 3303 2
2292 3259 2353 3322 p.
2404 3241 2526 3300 500
2586 3237 3020 3318 congregavit,

581 3368 660 3410 ex
717 3346 900 3409 libris
965 3345 1352 3430 scriptorum
1414 3348 1735 3407 extremae
1794 3342 2140 3407 latinitatis
2197 3341 2433 3406 adiecit
2479 3339 2874 3403 immensiter
2925 3340 3021 3402 in-

581 3449 862 3530 digniter
927 3448 1371 3513 masculiniter
1437 3447 1869 3511 numerositer
1923 3447 2210 3532 praviter
2268 3444 2503 3509 rariter
2558 3441 3021 3528 blasphemiter

583 3552 988 3617 inurbaniter
1073 3551 1388 3616 securiter
1461 3550 1895 3615 somnolenter
1969 3550 2319 3613 summiter.
2434 3544 2746 3632 ampliter
2817 3543 3018 3631 Apul.

585 3660 734 3717 met.
774 3660 830 3735 1,
877 3660 994 3735 213
1045 3659 1144 3731 10,
1193 3659 1295 3734 26,
1339 3655 1500 3717 Acc.
1532 3660 1614 3717 tr.
1649 3658 1795 3733 282,
1841 3653 2129 3717 Macrob.
2163 3657 2284 3716 sat.
2317 3656 2375 3731 6,
2412 3656 2467 3731 7,
2506 3654 2603 3714 14.
2680 3644 3023 3733 &naviter

589 3761 740 3820 met.
791 3762 848 3838 9,
905 3762 1002 3839 16,
1052 3756 1283 3821 Claud.
1320 3755 1565 3839 Quadr.
1614 3762 1679 3821 et
1709 3756 1917 3822 Lucil.
1964 3754 2138 3841 apud
2183 3754 2355 3819 Non.
2406 3759 2480 3818 11
2528 3774 2589 3839 p.
2624 3755 2745 3816 513
2780 3757 2845 3816 et
2876 3754 3019 3831 514,

589 3859 767 3923 Hirt.
815 3861 990 3945 apud
1037 3858 1172 3925 Cic.
1221 3859 1305 3925 ad
1351 3859 1498 3924 Att.
1552 3864 1648 3939 15,
1697 3863 1756 3940 6,
1805 3864 1861 3939 2,
1910 3865 2077 3923 auct.
2118 3857 2274 3922 belli
2316 3855 2524 3921 Afric.
2572 3860 2674 3936 81,
2712 3859 2766 3933 1,
2800 3853 3020 3917 Amm.

588 3967 686 4042 17,
747 3967 838 4043 10,
887 3968 944 4027 2.
1037 3962 1370 4028 mz'serz'ter
1413 3968 1563 4027 met.
1613 3967 1672 4042 8,
1723 3967 1783 4043 5,
1831 3962 2067 4027 Laber.
2118 3965 2261 4041 149,
2307 3958 2546 4025 Catull.
2597 3962 2699 4038 63,
2745 3960 2849 4038 49,
2894 3956 3019 4021 1111.

582 4065 801 4132 Valer.
878 4071 946 4145 2,
1024 4070 1124 4129 35.
1223 4064 1598 4152 properiter
1663 4070 1815 4129 met.
1886 4070 1949 4147 1,
2018 4068 2131 4144 223
2210 4068 2320 4144 10,
2396 4067 2492 4142 17,
2563 4060 2806 4124 Pacuv.
2876 4063 3019 4139 332,

581 4169 740 4232 Acc.
811 4172 890 4233 tr.
962 4172 1113 4249 629,
1187 4167 1426 4233 Catull.
1486 4168 1660 4254 apud
1718 4167 1890 4232 Non.
1963 4172 2039 4232 11
2108 4189 2171 4252 p.
2242 4169 2384 4245 517,
2453 4164 2705 4228 Auson.
2767 4168 3020 4247 parent.

582 4277 682 4335 27.
803 4278 1121 4336 rarenter
1193 4271 1331 4335 flor.
1411 4276 1448 4334 9
1529 4276 1594 4335 et
1677 4276 1777 4351 17,
1858 4271 2039 4347 Liv„
2075 4269 2375 4335 Andron.
2464 4268 2575 4347 24,
2670 4266 2839 4330 Enn.
2916 4270 3019 4346 67,

578 4375 742 4439 Fab.
806 4375 976 4439 Pict.
1042 4374 1219 4459 apud
1287 4372 1459 4439 Gell.
1532 4379 1636 4455 10,
1709 4378 1819 4456 15,
1883 4378 1956 4454 4,
2024 4373 2191 4439 Cato
2253 4394 2305 4435 r.
2367 4394 2417 4434 r.
2487 4373 2640 4451 103,
2703 4370 3019 4453 Pompon.

582 4480 686 4559 45,
732 4476 900 4541 Nov.
949 4482 1050 4559 24,
1097 4476 1384 4541 Macrob.
1433 4484 1554 4542 sat.
1600 4482 1655 4557 7,
1711 4481 1807 4556 12,
1855 4482 1955 4540 28.
2032 4474 2346 4540 severiter
2389 4480 2537 4539 met.
2589 4477 2646 4552 2,
2696 4476 2805 4551 273
2856 4473 2913 4550 3,
2962 4476 3019 4551 3,
