3481 5121
1761 347 1841 409 52

582 550 884 616 adoravit
939 549 1194 636 plebem
1251 551 1532 616 filiorum
1574 551 1821 617 Heth.“
1866 551 2065 636 Vulg.
2109 572 2323 636 genes.
2368 555 2480 632 23,
2543 553 2622 616 12
2680 550 3016 632 „adoravit

584 653 926 719 Abraham
972 675 1190 719 coram
1231 655 1474 741 populo
1511 660 1725 720 terrae
1758 661 1825 721 et
1850 655 2105 721 locutus
2133 659 2293 736 est“‚
2341 654 2454 721 sed
2483 656 2550 719 in
2581 653 3015 742 Septuaginta

582 778 702 843 pro
747 757 872 822 hoc
914 757 1114 822 verbo
1159 763 1259 822 est
1303 759 1695 843 προςκυνεῖν.
1738 795 1827 804 —

751 858 1038 947 Operam
1093 859 1276 941 dedi,
1331 865 1405 924 ut
1449 860 1783 925 hominum
1824 859 2161 925 doctorum
2207 863 2565 927 sentensias
2608 860 2690 926 de
2732 860 3016 947 Apuleio

581 964 1015 1028 examinarem
1059 969 1125 1028 et
1169 963 1384 1048 quoad
1429 963 1564 1028 eius
1603 962 1745 1029 fieri
1787 970 2009 1049 posset
2049 963 2291 1029 iudicia
2340 986 2561 1030 eorum
2606 965 3013 1048 corrigerem.

579 1067 646 1131 in
705 1066 1029 1132 scribendi
1072 1087 1274 1150 genus
1319 1065 1762 1153 Apuleianum
1804 1067 2108 1152 inquisivi
2150 1067 2274 1148 ita,
2332 1072 2407 1132 ut
2447 1088 2606 1154 prae
2652 1067 2883 1132 ceteris
2928 1067 3015 1132 ad

578 1171 1026 1255 pervulgatam
1094 1169 1461 1254 opinionem
1528 1167 1608 1232 de
1675 1176 2075 1235 vetustorum
2134 1170 2595 1236 vocabulorum
2654 1192 2775 1235 usu
2838 1169 3015 1255 apud

579 1274 961 1358 scriptorem
1016 1271 1393 1337 adhiberem
1447 1292 1660 1338 meum.
1713 1273 2042 1337 iudicium.
2131 1293 2409 1358 namque
2460 1274 2551 1339 sic
2594 1273 2891 1339 solebant
2934 1271 3012 1337 de

578 1375 863 1461 Apuleio
919 1375 1189 1456 sentire,
1246 1381 1322 1440 ut
1376 1373 1645 1440 exoletis
1699 1376 2031 1441 vocabulis
2081 1377 2645 1462 locutionibusque
2697 1375 2898 1441 ferme
2941 1382 3016 1442 ut

577 1481 912 1567 pigmento
969 1477 1250 1564 quodam
1294 1479 1653 1543 orationem
1692 1479 2047 1564 insolenter
2091 1501 2238 1544 eum
2280 1479 2667 1544 infucavisse
2710 1485 3017 1564 putarent

582 1603 728 1647 cum
769 1581 1104 1647 Frontone
1163 1602 1308 1646 eum
1363 1587 1833 1668 comparantes.
1925 1602 2122 1667 quam
2175 1582 2703 1647 consuetudinem
2757 1583 2852 1648 sic
2897 1605 3014 1668 ego

581 1706 722 1750 sum
793 1691 1063 1750 conatus
1121 1682 1479 1765 illustrare,
1540 1689 1615 1748 ut
1673 1684 1950 1750 aliorum
2008 1686 2395 1770 scriptorum
2454 1686 2739 1772 Apuleio
2800 1691 3012 1752 aetate

581 1787 683 1853 vel
741 1787 1109 1872 aequalium
1154 1786 1257 1852 vel
1309 1786 1715 1869 inferiorum,
1772 1809 1932 1873 prae
1977 1789 2207 1853 ceteris
2248 1787 2595 1870 Afrorum,
2657 1789 2849 1854 simili
2892 1810 3012 1856 usu

583 1891 920 1977 proposito
983 1890 1266 1977 plurima
1325 1912 1452 1955 non
1515 1890 1771 1956 exoleta
1826 1889 1942 1955 sed
1994 1891 2185 1972 vulgo
2230 1891 2391 1955 trita
2444 1890 2641 1956 fuisse
2696 1891 3031 1974 docerem,·

580 2014 792 2078 pauca
839 1993 923 2057 ab
969 1991 1443 2076 exemplaribus
1485 1993 1834 2058 latinitatis
1865 1993 2235 2058 vetustioris
2268 2015 2379 2058 seu
2411 1994 2704 2058 consulto
2734 1995 3015 2080 repetita

581 2117 720 2162 esse
777 2117 890 2161 seu
943 2097 1079 2160 sine
1141 2095 1362 2181 aliquo
1417 2101 1593 2161 certo
1657 2085 1926 2161 consilio
1982 2094 2133 2160 inde
2190 2095 2450 2162 fluxisse
2507 2119 2633 2162 non
2690 2118 3014 2181 negarem.

579 2200 862 2263 omnium
922 2198 1310 2285 scriptorum
1361 2199 1570 2280 locOS,
1636 2220 1799 2286 quos
1842 2199 2219 2280 memoravi,
2281 2201 2421 2285 ipse
2476 2200 2729 2286 inspexi
2774 2221 3013 2265 omnes,

578 2306 891 2386 qnantum
938 2301 1208 2366 debeam
1259 2302 1482 2366 lexicis
1539 2308 1604 2367 et
1646 2301 1969 2366 indicibus
2014 2302 2505 2384 vocabulorum,
2563 2324 2725 2388 quos
2768 2302 3017 2368 addunt

578 2403 966 2489 scriptorum
1011 2405 1422 2486 editionibuS‚
1470 2425 1638 2490 quae
1682 2405 2093 2491 repetiverim
2136 2426 2215 2470 ex
2257 2405 2441 2471 libris
2486 2405 3015 2485 Kretschmanni‚

577 2507 956 2589 Roenschii,
1019 2507 1256 2590 Neuei,
1314 2508 1668 2589 Pauckeri,
1730 2509 1843 2595 qui
1887 2508 2257 2573 adiumento
2301 2508 2459 2575 mihi
2503 2507 2790 2575 fuerunt:
2852 2529 3016 2595 quae

577 2610 715 2695 ipse
758 2611 929 2675 inter
971 2610 1312 2694 legendum
1356 2612 1900 2696 congregaverim,
1956 2634 2149 2699 quam
2193 2633 2322 2676 non
2366 2613 2764 2699 pepercerim
2806 2612 3016 2678 labori

575 2718 750 2778 recte
795 2735 926 2777 non
969 2713 1287 2779 iudicabis
1338 2715 1465 2779 nisi
1511 2715 1797 2798 singulos
1838 2715 2018 2780 locos
2071 2736 2217 2780 cum
2258 2716 2389 2798 his,
2450 2737 2617 2801 quae
2661 2716 3014 2779 memoravi

581 2812 882 2879 subsidiis
929 2823 1230 2881 accurate
1276 2817 1640 2881 contuleris.
1675 2855 1763 2864 —-
1806 2823 2063 2883 tantum
2107 2824 2223 2883 est.
2300 2819 2521 2883 emitto
2550 2817 2840 2883 libellum
2885 2839 3014 2882 non

581 2916 844 3003 quidem
888 2918 1270 3005 perfectum,
1328 2941 1518 3006 quem
1574 2926 1793 2985 tamen
1844 2942 2032 3005 spero
2086 2936 2213 2986 n'on
2258 2921 2397 2987 fore
2452 2921 2645 3006 plane
2699 2919 3013 2985 inutilem.
