3481 5121
1715 341 1755 400 8

521 543 757 625 reliqui
798 542 1228 625 provinciales
1271 542 1448 606 velut
1495 541 1568 608 O.
1611 541 1938 625 Sulpicius
1966 541 2373 624 Apollinaris
2406 539 2964 622 Carthaginiensis

523 644 852 709 Antonius
915 643 1224 708 Julianus
1285 643 1624 726 Hispanus
1687 644 1831 724 alii,
1892 665 2166 727 quorum
2228 665 2425 727 opera
2490 642 2707 707 studia
2765 647 2964 724 atque

521 747 800 812 imit-atio
843 747 1202 829 priscorum
1246 746 1498 811 Romae
1539 752 1680 810 tum
1706 748 1775 810 in
1810 747 1945 812 dies
1977 747 2184 829 magis
2217 745 2611 811 crescebant.
2686 767 2965 828 namque

521 850 616 913 illi
676 854 966 913 veterum
1020 849 1358 930 lectiones,
1421 869 1582 930 quas
1640 850 1708 912 in
1764 849 2101 931 provincia
2157 849 2651 929 inchoaverant,
2714 849 2965 913 Romae

521 973 780 1035 quoque
839 952 1426 1034 persequebantur,
1492 972 1611 1016 1100
1665 973 1817 1016 vero
1873 974 2019 1016 cum
2080 951 2307 1016 eadem
2363 951 2777 1034 simplicitate
2836 971 2966 1031 qua

524 1054 726 1134 domi,
819 1053 933 1118 sed
1018 1054 1085 1117 in
1161 1054 1375 1137 capite
1461 1054 1749 1136 imperii,
1833 1054 1945 1119 ubi
2026 1055 2251 1118 literae
2339 1054 2469 1118 iam
2551 1059 2653 1119 tot
2724 1051 2965 1135 gradus

523 1163 588 1221 et
673 1157 862 1238 quasi
942 1177 1279 1238 processus
1353 1163 1837 1239 percurrerant,
1925 1158 1993 1221 in
2065 1157 2363 1222 vitiosam
2436 1155 2964 1222 consuetudinem

523 1259 940 1342 degeneravit
983 1258 1270 1322 studium
1314 1259 1704 1341 priscorum,
1766 1281 1911 1324 cum
1954 1259 2248 1324 homines
2290 1260 2418 1342 illi,
2476 1259 2588 1341 qui
2630 1264 2965 1341 praestan-

521 1364 682 1427 tiam
745 1361 1046 1426 dictionis
1105 1361 1445 1426 meliorum
1506 1363 1893 1444 scriptorum
1956 1363 2213 1444 assequi
2272 1383 2401 1426 non
2459 1367 2757 1444 possent,
2824 1381 2967 1424 eam

522 1464 672 1528 suco
748 1463 1155 1545 eruditioniS,
1244 1484 1410 1545 quae
1485 1465 1677 1547 longe
1753 1466 2035 1547 repetita
2108 1465 2413 1529 novitatis
2490 1461 2967 1546 quodammodo

523 1567 801 1649 gratiam
845 1565 1096 1638 ,habere
1151 1566 1523 1646 videbatur,
1579 1573 2091 1650 compensarent.
2185 1580 2395 1649 neque
2452 1567 2621 1630 enim
2682 1564 2969 1630 contenti

523 1674 712 1733 erant
771 1668 1128 1748 vocabuIiS,
1195 1689 1363 1750 quae
1425 1669 1515 1732 eis
1577 1675 1881 1752 prompta
1944 1676 2131 1734 erant
2189 1675 2387 1752 atque
2450 1666 2785 1751 expedita,
2850 1665 2966 1730 sed

521 1771 723 1836 libros
775 1771 1244 1835 vetustissimos
1296 1771 1876 1853 perscrutabantur
1935 1778 2247 1836 venantes
2292 1791 2481 1836 voces
2524 1770 2723 1834 miras
2769 1775 2966 1851 atque

525 1874 822 1939 insolitas
873 1873 1242 1938 hominibus
1299 1873 1565 1938 urbanis
1621 1880 1685 1938 et
1744 1875 1810 1938 in
1870 1874 1994 1938 hoc
2050 1873 2265 1939 studio
2323 1874 2446 1957 ipsi
2500 1895 2567 1937 se
2612 1871 2967 1951 iactabant,

526 1997 673 2042 011111
718 1974 1112 2040 consuetudo
1156 1975 1270 2040 illa
1312 1977 1724 2059 imperatoris
1756 1977 2085 2041 Hadriani
2126 1978 2390 2041 summis
2436 1975 2744 2059 auspiciis
2784 1973 2970 2056 quasi

527 2080 777 2144 sancita
819 2080 976 2162 ipsis
1020 2079 1335 2144 Romanis
1377 2079 1508 2143 iam
1552 2101 1680 2143 non
1725 2078 2054 2144 videretur
2098 2100 2235 2144 esse
2274 2077 2702 2161 aspernanda.
2776 2075 2969 2140 huius

526 2203 676 2246 vero
723 2182 1178 2246 ostentationis
1223 2181 1400 2265 apud
1427 2181 1803 2264 Apuleium,
1851 2203 2043 2264 quem
2085 2185 2152 2247 in
2193 2183 2526 2266 provincia
2570 2180 2772 2244 libros
2816 2177 2970 2241 scri-

527 2284 734 2366 psisse
779 2304 1032 2366 semper
1073 2290 1328 2365 teneas,
1375 2305 1455 2349 ne
1499 2285 1845 2367 vestigium
1888 2285 2151 2367 quidem
2195 2290 2525 2368 comparet
2567 2285 2797 2365 ullum,
2860 2283 2973 2366 qui

527 2387 581 2450 si
625 2388 762 2470 ipse
806 2393 1064 2451 secutus
1112 2394 1282 2452 esset
1324 2388 1448 2451 1100
1492 2386 1797 2467 studium,
1844 2393 1918 2452 ut
1962 2388 2269 2454 obsoletis
2314 2389 2573 2452 vocibus
2612 2391 2971 2457 orationem

531 2489 851 2554 coloraret
894 2490 1148 2554 ratione
1199 2488 1424 2554 eadem
1471 2510 1601 2573 qua
1629 2488 1883 2555 Fronto
1930 2497 1995 2555 et
2026 2489 2298 2574 Gellius,
2344 2492 2480 2556 sine
2526 2491 2720 2557 dubio
2764 2493 2834 2557 id
2876 2494 2971 2559 in-

530 2593 874 2657 dicavisset
929 2594 1097 2657 sicut
1140 2593 1268 2673 illi,
1333 2594 1718 2676 praesertim
1763 2615 1907 2659 cum
1953 2594 2033 2659 de
2077 2596 2259 2660 novis
2304 2593 2634 2659 vocabulis
2681 2618 2721 2661 a
2765 2618 2831 2661 30
2876 2598 2973 2661 111-

526 2696 733 2760 ventis
764 2702 990 2778 aperte
1019 2695 1416 2780 glorietur.ยน)
1491 2696 1711 2778 itaque
1743 2696 2095 2761 Frontonis
2128 2698 2372 2779 scripta
2402 2703 2467 2761 et
2498 2695 2700 2763 Grelh'i
2727 2699 2974 2766 Noctes

525 2798 826 2879 Atticae,
883 2819 1049 2881 quae
1101 2798 1333 2881 putida
1378 2799 1546 2863 mole
1589 2800 1879 2863 locorum
1926 2821 2004 2864 ex
2047 2800 2502 2866 vetustissimis
2547 2802 2973 2884 scriptoribus

526 2902 811 2965 romanis
866 2902 1218 2984 petitorum
1277 2899 1679 2981 redundant,
1737 2922 1868 2965 non
1922 2903 2170 2986 impetu
2223 2908 2288 2967 et
2344 2903 2654 2968 instinctu
2698 2926 2818 2970 1100
2862 2926 2974 2970 010

527 3024 656 3067 11110
701 3003 930 3084 fluunt,
979 3008 1049 3067 at
1094 3008 1322 3067 contra
1360 3003 1512 3068 libri
1541 3003 1790 3086 Apulei
1822 3005 2126 3087 expedita
2158 3012 2224 3070 et
2252 3005 2601 3088 profluenti
2630 3007 2974 3073 verborum

530 3105 892 3187 celeritate,
961 3128 1090 3189 qua
1163 3109 1446 3172 eminent
1512 3106 1827 3189 imprimis
1896 3109 2201 3193 apologia
2267 3114 2332 3173 et
2398 3111 2971 3193 metamorphoses,

528 3208 882 3291 legentium
927 3212 1174 3274 animos
1203 3208 1544 3273 iucundius
1573 3216 1853 3273 movent.
1921 3211 2333 3293 antiquitatis
2364 3212 2565 3293 igitur
2592 3214 2974 3278 recolendae

528 3310 814 3375 studium
856 3332 933 3373 ea
978 3331 1172 3392 quam
1217 3310 1467 3374 Fronto
1515 3315 1580 3372 et
1622 3307 1876 3373 Gellius
1922 3312 2365 3393 sequebantur
2406 3314 2657 3377 ratione
2687 3314 2972 3397 Apuleio

526 3413 909 3497 imputanda
952 3433 1088 3476 esse
1132 3431 1264 3474 non
1305 3410 1580 3474 videtur.

699 3511 1034 3578 Nonnulla
1069 3532 1221 3576 vero
1251 3512 1588 3593 vocabula,
1635 3533 1803 3594 quae
1834 3513 2156 3596 Apuleius
2186 3516 2542 3597 usurpavit,
2587 3513 2975 3598 Quintiliani

528 3618 628 3681 vel
693 3617 1098 3699 grammatici
1159 3616 1430 3681 alicuius
1475 3615 1663 3680 latini
1728 3616 2101 3681 testimonio
2168 3615 2464 3681 obsoleta
2528 3615 2970 3700 perhibentur,

527 3719 725 3783 veluti
799 3717 1239 3802 Quintilianus
1321 3724 1384 3799 1,
1459 3723 1526 3798 6,
1599 3721 1686 3782 40
1758 3739 1980 3783 vocem
2059 3740 2211 3803 pro
2231 3740 2259 3783 3
2280 3720 2482 3802 apia
2556 3704 2971 3784 obliteratam

527 3821 726 3887 fuisse
800 3820 976 3886 dicit.
1085 3822 1259 3887 idem
1321 3821 1708 3887 vocabulum
1776 3822 1860 3887 ab
1929 3821 2212 3905 Apuleio
2278 3822 2533 3905 saepius
2602 3820 2969 3887 adhibitum

707 4215 750 4283 1)
789 4215 859 4268 cf.
911 4215 979 4269 de
1025 4234 1168 4286 mag.
1214 4219 1308 4271 38:
1352 4235 1531 4287 pauca
1567 4217 1739 4271 etiam
1796 4217 1867 4269 de
1916 4216 2108 4270 latinis
2156 4217 2382 4285 scriptis
2434 4217 2574 4269 meis
2621 4215 2693 4269 ad
2739 4215 2971 4269 eandem

529 4300 795 4367 peritiam
821 4302 920 4368 (30.
956 4319 1144 4355 rerum
1168 4304 1534 4373 naturalium)
1558 4303 1982 4372 pertinentibus
2007 4302 2121 4371 legi
2145 4302 2368 4367 iubeb0,
2404 4302 2465 4354 in
2491 4301 2693 4369 quibus
2720 4300 2971 4354 animad-

528 4390 720 4440 vertes
770 4404 896 4440 cum
946 4403 1034 4441 res
1081 4389 1314 4457 cognitu
1351 4407 1525 4443 novas
1563 4394 1684 4442 tum
1721 4388 1954 4441 nomina
1992 4389 2163 4442 etiam
2198 4388 2469 4442 Romanis
2506 4388 2780 4441 inusitata
2816 4390 2874 4440 et
2911 4387 2971 4439 in

528 4472 866 4526 hodiernum
911 4474 1060 4541 quod
1108 4474 1281 4527 sciam
1326 4474 1552 4528 infecta.
1626 4492 1691 4527 ea
1739 4479 1935 4529 tamen
1982 4475 2212 4528 nomina
2258 4474 2451 4528 labore
2502 4490 2627 4527 meo
2678 4477 2737 4527 et
2784 4472 2970 4526 studio

528 4558 610 4611 ita
647 4559 716 4613 de
752 4559 968 4630 graecis
1003 4560 1319 4630 provenire,
1356 4563 1420 4613 ut
1454 4564 1648 4615 tamen
1681 4562 1860 4615 latina
1898 4566 2127 4615 moneta
2160 4577 2423 4629 percussa
2458 4559 2573 4613 sint
2610 4562 2717 4613 cet.
