3481 5121
1623 342 1704 406 29

438 547 502 625 3,
569 547 651 632 7,,
687 547 804 626 91;
863 545 922 626 3,
983 551 1044 627 8,
1095 548 1246 627 148,
1289 545 1500 612 fovela
1543 547 1624 612 de
1681 549 1898 613 anima
1961 549 2016 627 7,
2064 543 2319 610 monela
2377 542 2455 610 de
2502 546 2634 630 pat.
2682 545 2752 626 8;
2800 544 2879 610 (10

441 671 634 714 carne
695 649 852 716 Chr.
910 655 992 714 20
1055 648 1335 735 sequela.
1427 653 1671 738 Apulei
1737 652 1863 716 huc
1914 651 2242 736 pertinent
2310 651 2563 714 omissis
2626 652 2744 730 013,
2813 653 2879 715 in

443 752 678 837 quibus
723 774 911 816 nemo
959 752 1257 818 offendit:
1305 757 1567 819 cautela
1612 761 1762 819 met.
1797 759 1855 835 2,
1886 759 1956 835 6,
1987 754 2207 816 Plaut.
2240 752 2376 816 Mil.
2412 757 2469 832 3,
2508 759 2563 833 1,
2612 759 2671 834 6,
2716 755 2876 818 Μ111.

442 855 583 920 Fel.
634 861 690 936 7,
757 861 816 937 6,
864 856 987 920 Ι111.
1037 855 1258 921 Valer.
1308 862 1368 940 3,
1412 862 1516 938 40,
1578 880 1683 922 ars
1738 878 2059 940 anonyma
2102 856 2451 920 Bernensis
2508 857 2576 920 in
2626 857 2877 920 anecdt.

443 959 708 1040 Hageni
750 981 813 1045 p.
849 963 958 1038 693
1006 958 1290 1025 Salvian.
1324 960 1474 1042 gub.
1509 966 1567 1043 6,
1595 966 1674 1025 55
1706 960 2059 1039 incautela3
2105 960 2242 1023 ital.
2278 958 2550 1022 cautela.
2596 961 2878 1023 suadela

357 1081 363 1086 ·
445 1066 595 1125 met.
645 1067 703 1142 8,
741 1067 846 1141 19,
891 1067 950 1142 8,
979 1067 1080 1143 25,
1113 1063 1333 1128 Plaut.
1362 1063 1523 1130 Gist.
1557 1070 1615 1146 2,
1650 1070 1708 1144 3,
1744 1069 1843 1146 24,
1890 1065 2057 1131 Hor.
2100 1084 2199 1147 ep.
2252 1067 2306 1141 1,
2356 1067 2413 1142 6,
2448 1067 2529 1125 38
2576 1061 2877 1141 Suadela,
2990 1120 2994 1122 ,

439 1163 620 1228 Itala
643 1165 770 1227 Ies.
795 1169 896 1246 58,
925 1169 983 1244 9,
1010 1166 1182 1230 Iren.
1211 1171 1269 1248 5,
1302 1173 1356 1248 1,
1387 1172 1441 1247 1,
1468 1168 1748 1232 Pontius
1770 1169 1837 1231 in
1861 1169 1993 1231 vita
2017 1165 2327 1250 Cypriani
2351 1185 2403 1229 c.
2432 1169 2489 1245 3,
2513 1166 2880 1250 Porphyrio

443 1267 641 1330 schol.
695 1267 781 1335 ad
813 1268 978 1332 Hor.
1027 1290 1127 1355 ep.
1179 1275 1279 1352 16,
1327 1275 1430 1352 23,
1470 1271 1786 1334 Prudent.
1832 1270 2106 1333 hamart.
2144 1272 2287 1349 715,
2333 1273 2579 1353 quaest.
2612 1291 2881 1350 gramm.

445 1370 580 1433 cod.
641 1370 992 1435 Bernensis
1048 1373 1113 1434 in
1177 1372 1431 1436 anecdt.
1477 1373 1670 1437 Helv.
1727 1374 1993 1456 Hageni
2050 1393 2113 1456 p.
2177 1375 2325 1450 175,
2399 1372 2592 1452 gloss.
2654 1371 2883 1454 Cyrilli

446 1470 669 1536 πειθώ
716 1473 1026 1538 suadella.
1118 1477 1378 1539 turbela
1419 1482 1570 1540 met.
1621 1481 1678 1556 3,
1727 1480 1839 1555 29;
1884 1479 1943 1555 4,
1993 1479 2102 1553 2ος
2155 1479 2211 1554 7,
2264 1480 2319 1555 1,
2375 1475 2591 1538 Plaut.
2640 1475 2877 1538 Pseud.

445 1581 500 1654 1,
562 1580 618 1656 1,
682 1581 824 1658 108,
877 1577 1056 1642 Itala
1100 1578 1302 1642 Marc.
1364 1583 1462 1659 13,
1524 1584 1582 1660 8,
1630 1579 1807 1662 Aug.
1864 1580 1979 1643 civ.
2034 1578 2139 1641 dei
2192 1583 2251 1657 8,
2319 1581 2393 1640 17
2439 1577 2569 1656 bis;
2633 1583 2729 1658 10,
2779 1583 2880 1658 27,

445 1677 778 1744 Gaudent.
847 1679 1028 1744 Brix.
1075 1702 1261 1745 serm.
1314 1685 1411 1745 19.
1521 1679 1526 1682 ’

620 1781 882 1847 Tertiae
955 1784 1403 1849 declinationis
1476 1784 2032 1849 substantivorum
2114 1785 2395 1868 plurima
2466 1783 2879 1846 inveniuntur

443 1888 732 1947 extrema
788 1885 1127 1951 literarum
1180 1888 1534 1952 latinarum
1596 1893 1815 1953 aetate
1859 1889 1929 1951 in
1965 1885 2144 1950 —tz‘o
2187 1886 2549 1950 desinentia
2592 1907 2631 1948 a
2671 1885 2880 1948 verbis

444 1987 755 2051 derivata.
849 1987 980 2052 alia
1039 1995 1190 2053 sunt
1252 1991 1732 2055 denominativa
1788 1990 2123 2075 qualitatis
2180 1990 2263 2053 ab
2322 1987 2661 2052 adiectivis
2704 1986 2881 2051 incli-

439 2096 744 2154 namento
788 2097 982 2155 —tas
1021 2091 1122 2154 vel
1162 2095 1407 2156 -tudo
1436 2093 1732 2157 formata.
1811 2095 2009 2158 etiam
2039 2093 2202 2156 haec
2232 2090 2545 2155 cotidiani
2574 2091 2883 2154 sermonis

445 2193 896 2258 consuetudini
939 2196 1276 2259 commoda
1321 2203 1510 2260 erant
1555 2217 1879 2282 saepeque
1942 2197 2007 2260 in
2072 2217 2149 2258 ea
2193 2195 2673 2272 formabantur,
2734 2213 2881 2256 cum

445 2295 512 2358 in
559 2297 846 2360 oratione
907 2298 1302 2379 elegantiore
1360 2300 1539 2362 notio
1599 2320 1821 2362 eorum
1874 2298 2251 2382 plerumque
2313 2296 2607 2382 pluribus
2668 2295 2881 2358 verbis

443 2398 910 2482 exprimeretur
951 2406 1064 2463 aut
1107 2400 1512 2465 substantiva
1550 2423 1668 2487 pro
1713 2403 1807 2465 eis
1852 2406 2248 2486 ponerentur
2277 2399 2565 2464 eiusdem
2595 2398 2879 2480 originiS,

442 2500 558 2565 sed
604 2501 800 2565 aliter
843 2501 1162 2567 cadentia.
1249 2525 1527 2591 namque
1575 2505 2026 2571 marcescentis
2080 2503 2427 2568 latinitatis
2482 2501 2882 2586 temporibus

443 2604 934 2669 terminationes
978 2607 1438 2672 vocabulorum
1483 2610 1761 2674 maxime
1792 2609 2229 2687 variabantur,
2274 2612 2352 2670 ut
2378 2606 2479 2670 vel
2522 2605 2882 2689 complures

447 2706 696 2771 formae
738 2706 1026 2772 eiusdem
1068 2711 1365 2776 vocabuli
1409 2719 1624 2776 essent
1677 2714 1745 2775 in
1791 2734 1912 2776 usu
1931 2712 2015 2795 ¹),
2078 2712 2243 2774 sicut
2303 2709 2478 2794 apud
2525 2708 2879 2792 Apuleium

442 2808 716 2893 legimus
759 2813 1062 2876 crassitas
1109 2814 1188 2877 de
1231 2814 1451 2878 mund.
1502 2820 1601 2896 17,
1649 2814 2010 2879 crassitudo
2056 2816 2135 2879 de
2176 2835 2346 2895 mag.
2396 2816 2495 2893 51,
2557 2810 2882 2873 crassities

447 2914 820 2998 (immutata
877 2914 1143 2998 paulum
1204 2917 1702 3003 significatione)
1760 2924 1910 2982 met.
1971 2923 2027 2998 7,
2094 2924 2151 2981 5.
2212 2916 2763 2981 substantivorum
2816 2912 2883 2975 in

438 3016 620 3081 ——tz'o
663 3018 1032 3081 exeuntium
1078 3041 1263 3082 usum
1303 3020 1635 3084 illustrant
1665 3019 1961 3103 exempla
1990 3039 2155 3103 quae
2186 3020 2445 3101 collegit
2474 3016 2883 3083 Roenschius

439 3139 502 3204 p.
551 3123 632 3181 69
681 3139 773 3203 sq.
849 3118 1340 3205 redintegratio
1385 3123 1465 3185 de
1509 3123 1729 3187 mund.
1779 3127 1859 3185 23
1908 3122 2056 3185 Ter.
2104 3122 2279 3205 apud
2326 3120 2505 3186 Serv.
2552 3120 2637 3184 ad
2682 3118 2879 3201 Verg.

445 3243 662 3304 georg.
716 3226 776 3301 2,
830 3226 928 3302 14,
964 3221 1143 3286 Tert.
1189 3224 1332 3287 adv.
1367 3226 1572 3289 Marc.
1617 3229 1680 3306 4,
1731 3230 1811 3287 10
1856 3225 1937 3289 (10
1982 3245 2102 3288 res,
2152 3244 2325 3287 carn.
2372 3228 2485 3300 473
2534 3228 2635 3302 57,
2684 3222 2880 3307 Cypr.

441 3346 539 3410 ep.
585 3329 690 3407 45,
746 3331 816 3403 13
885 3330 982 3406 11,
1046 3330 1104 3406 8,
1151 3325 1398 3391 Arnob.
1451 3332 1506 3408 7,
1565 3332 1670 3412 45,
1717 3329 1889 3397 Iren.
1942 3332 1997 3407 1,
2067 3332 2163 3407 10,
2215 3332 2270 3407 1,
2315 3326 2602 3391 Macrob.
2650 3331 2770 3390 sat.
2822 3331 2878 3405 1,

445 3434 542 3509 11,
593 3434 662 3508 5;
707 3430 847 3495 ital.
894 3430 1424 3512 reintegrazione.
1516 3437 1726 3494 —tas.
1774 3430 1977 3495 Itala:
2026 3432 2345 3495 cavositas
2388 3429 2601 3493 Levit.
2652 3432 2750 3504 14,
2798 3432 2878 3493 37

441 3532 651 3614 (Tert.
684 3534 900 3619 pudic.
929 3535 1070 3619 20),
1104 3534 1407 3598 circuitas
1438 3532 1674 3598 Ezech.
1705 3539 1811 3613 48,
1860 3538 1960 3614 30,
2010 3534 2322 3598 dolositas
2352 3532 2581 3617 psalm.
2626 3535 2733 3613 49,
2781 3532 2879 3612 19,

437 3632 899 3715 longiturnitas
948 3636 1214 3700 Baruch
1262 3640 1320 3718 3,
1373 3641 1470 3718 14,
1517 3638 1854 3719 nugacitas
1899 3658 2033 3721 sap.
2080 3642 2141 3717 4,
2192 3641 2291 3717 12,
2336 3636 2639 3721 opimitas
2688 3634 2877 3700 Sach.

443 3738 506 3814 4,
555 3740 652 3817 14,
699 3738 915 3803 Plaut.
960 3740 1149 3805 Asin.
1199 3744 1260 3820 2,
1308 3746 1366 3819 2,
1416 3744 1512 3819 16,
1549 3739 1727 3804 Tert.
1777 3741 1855 3804 de
1902 3742 2119 3803 anima
2162 3744 2262 3803 20.
2354 3738 2565 3802 Tert.:
2613 3738 2879 3802 accessi-

440 3836 661 3901 bilitas
719 3839 861 3903 adv.
906 3842 1101 3905 Prax.
1165 3847 1242 3906 15
1303 3842 1628 3907 callositas
1686 3843 1772 3906 ad
1830 3849 1963 3907 nat.
2013 3847 2082 3923 2,
2143 3847 2205 3921 1,
2257 3840 2677 3905 individuitas
2736 3840 2879 3903 adv.

439 3939 638 4003 Prax.
687 3946 788 4021 22,
837 3942 916 4005 (10
963 3946 1176 4009 anima
1223 3950 1325 4024 51,
1371 3944 1860 4009 infructuositas
1906 3945 1987 4008 de
2032 3966 2154 4009 res·
2202 3965 2373 4007 carn.
2422 3948 2523 4023 33,
2569 3942 2881 4007 lanositas

441 4041 522 4106 de
569 4044 722 4128 pall.
759 4048 816 4125 3,
863 4047 1250 4111 naturalitas
1297 4048 1378 4112 de
1424 4049 1641 4112 anima
1688 4053 1787 4129 16,
1832 4047 2174 4112 novellitas
2221 4047 2301 4111 de
2342 4047 2560 4110 anima
2606 4052 2687 4111 28
2732 4045 2877 4109 adv.

437 4146 638 4213 Prax.
701 4152 760 4229 2,
829 4149 1166 4233 passivitas
1229 4150 1310 4214 de
1362 4172 1488 4215 res.
1537 4172 1711 4215 carn.
1756 4154 1860 4231 48,
1924 4152 2338 4237 postremitas
2384 4150 2462 4213 de
2508 4150 2725 4213 anima
2773 4153 2878 4228 53,

627 4408 668 4476 ¹)
707 4407 774 4459 cf.
811 4408 1109 4474 grammat.
1149 4405 1298 4473 apud
1334 4406 1546 4459 Maium
1585 4411 1722 4460 tom.
1762 4407 1817 4461 V
1854 4425 1908 4475 p.
1946 4409 1978 4458 9
2018 4406 2222 4472 „immo
2259 4405 2396 4457 haec
2433 4404 2687 4456 addimus
2728 4404 2879 4470 quod

445 4496 561 4545 tres
615 4494 704 4545 vel
765 4496 1014 4560 quatuor
1067 4490 1476 4544 declinationes
1531 4494 1815 4561 plerisque
1881 4492 2203 4545 nominibus
2262 4492 2529 4543 eveniunt
2590 4491 2737 4543 sicut
2792 4494 2877 4542 est

441 4580 658 4632 laetitia
693 4579 943 4633 laetities
981 4578 1309 4631 laetam‹=n“.
