3481 5121
1679 287 1768 348 44

501 509 572 552 re
617 487 934 552 amatoria
972 488 1310 570 usitatum;
1355 490 1751 576 praepositio
1797 490 1927 554 vim
1970 495 2167 575 atque
2197 488 2727 604 significationem
2757 486 2939 552 verbi

501 596 698 673 auget
751 589 917 654 sicut
960 591 1028 654 in
1073 592 1392 677 deperire,
1455 592 1797 673 deservire,
1854 593 2173 674 devitare,
2227 592 2389 656 aliis,
2480 589 2937 656 introcurrere

505 700 652 757 met.
701 699 758 772 3,
809 699 907 769 12,
956 693 1161 759 Naev.
1205 701 1285 760 tr.
1334 701 1434 776 56,
1481 694 1676 777 Vulg.
1725 703 1857 761 act.
1902 701 1999 775 12,
2052 700 2149 760 14.
2223 695 2469 758 abolere
2512 695 2589 758 de
2620 715 2791 776 mag.
2826 698 2936 771 573

505 801 605 876 60,
653 797 870 861 Plaut.
921 795 1068 860 OaS.
1113 802 1174 876 4,
1224 804 1281 879 3,
1327 805 1428 880 21,
1474 801 1646 864 Men.
1695 805 1754 878 2,
1800 803 1858 879 3,
1908 803 2007 878 28,
2056 797 2233 864 Suet.
2285 797 2423 863 Cal.
2473 803 2573 876 23,
2622 797 2823 882 Vesp.
2874 801 2933 860 8.

504 922 820 985 oggerere
861 899 999 966 flor.
1049 905 1147 982 17,
1194 902 1410 966 Plaut.
1458 901 1620 968 Cist.
1672 907 1726 982 1,
1779 906 1833 980 1,
1884 906 1983 981 71,
2031 900 2224 965 Truc.
2276 905 2331 979 1,
2380 906 2437 980 2,
2484 904 2543 982 9,
2576 897 2831 966 Arnob.
2879 905 2937 981 5,

506 1008 606 1066 25.
685 1004 1032 1089 offirmare
1076 1010 1225 1068 met.
1274 1010 1370 1084 10,
1424 1010 1522 1085 10,
1569 1006 1810 1070 Pacuv.
1847 1009 1992 1085 293,
2024 1003 2186 1070 Acc.
2217 1009 2297 1068 tr.
2332 1008 2475 1084 372,
2522 1003 2698 1068 Itala
2726 1003 2937 1068 Levit.

509 1110 563 1176 7,
614 1110 710 1184 10,
761 1105 1090 1171 deuteron.
1139 1112 1196 1188 2,
1243 1112 1344 1188 30,
1377 1130 1555 1193 prov.
1602 1113 1704 1182 21,
1748 1112 1851 1187 29,
1883 1107 2122 1172 Daniel
2154 1112 2212 1188 5,
2261 1112 2362 1188 20,
2397 1106 2576 1172 Tert.
2611 1106 2690 1171 de
2720 1106 2937 1171 anima

508 1212 616 1280 24;
677 1207 856 1273 Suet.
906 1208 1050 1274 Tib.
1098 1214 1177 1272 25
1235 1209 1582 1290 offirmate,
1646 1210 1784 1275 Cic.
1830 1212 1913 1275 ad
1958 1211 2101 1276 Att.
2165 1215 2218 1290 1,
2277 1214 2374 1289 11,
2438 1215 2468 1273 1
2534 1208 2936 1274 offirmatior.

492 1312 889 1397 praelavere
932 1313 1011 1376 de
1057 1335 1224 1396 mag.
1275 1320 1332 1393 8,
1381 1314 1654 1399 simplex
1697 1313 1964 1378 verbum
2006 1313 2223 1378 lavere
2272 1319 2369 1378 est
2414 1310 2591 1397 apud
2633 1311 2941 1378 Plautum

507 1419 572 1478 et
619 1412 979 1498 Vergilium
1028 1416 1137 1498 (cf.
1173 1417 1547 1482 Kretschm.
1593 1438 1654 1502 p.
1704 1417 1838 1502 84).
1920 1416 2044 1480 hoc
2084 1416 2284 1499 igitur
2327 1415 2595 1480 verbum
2639 1436 2765 1478 non
2806 1421 2944 1480 tam

505 1522 773 1602 propter
817 1521 1347 1604 compositionem
1371 1520 1676 1586 notabile
1731 1519 1970 1584 dixeris
2016 1539 2209 1604 quam
2255 1519 2429 1604 quod
2472 1519 2704 1584 tertiae
2749 1518 2943 1583 decli-

506 1621 787 1684 nationis
842 1621 1228 1687 infinitivum
1284 1623 1562 1688 exhibet.
1662 1622 2035 1687 Priscianus
2096 1622 2267 1686 enim
2322 1625 2359 1682 9
2415 1642 2479 1707 p.-
2525 1625 2649 1686 471
2712 1622 2938 1687 Hertz.

507 1725 598 1808 (p.
645 1729 767 1788 861
814 1726 924 1811 P.)
969 1726 1185 1791 lavere
1215 1734 1332 1811 pro
1364 1726 1584 1790 lavare
1615 1727 2027 1811 antiquorum
2056 1724 2254 1789 fuisse
2286 1723 2489 1789 docet.
2566 1723 2681 1790 sed
2710 1725 2943 1788 tertiae

509 1827 954 1893 declinationis
998 1828 1245 1894 formae
1288 1829 1481 1893 huius
1525 1829 1706 1894 verbi
1753 1829 1949 1894 etiam
1995 1827 2170 1914 apud
2201 1827 2547 1913 scriptores
2581 1833 2945 1913 temporum

509 1929 938 2013 posteriorum
994 1953 1121 1996 non
1176 1936 1362 1994 erant
1418 1932 1873 2016 infrequenteS,
1932 1930 2011 1996 cf.
2042 1931 2255 2012 ,Verg.
2311 1929 2480 1994 Aen.
2530 1935 2588 2010 3,
2637 1934 2790 2008 6633
2844 1934 2941 2011 10,

514 2037 655 2112 727,
701 2033 865 2097 Ηο1·.
900 2038 1188 2114 carm-2,
1238 2040 1295 2114 3,
1347 2040 1454 2114 183
1503 2040 1560 2115 3,
1612 2039 1710 2113 12,
1760 2038 1825 2112 3;
1874 2038 1931 2112 3,
1978 2036 2039 2112 4,
2088 2036 2201 2111 61;
2248 2036 2309 2113 4,
2356 2036 2415 2112 6,
2451 2037 2549 2111 26,
2596 2032 2849 2098 Arnob.
2886 2037 2942 2113 7,

516 2139 616 2214 32,
664 2135 923 2201 Samon.
964 2141 1104 2217 106,
1152 2137 1380 2219 Veget.
1428 2142 1553 2201 vet.
1601 2141 1661 2218 2,
1706 2140 1812 2217 44,
1861 2141 1928 2214 2;
1976 2141 2035 2215 2,
2083 2139 2184 2214 49,
2226 2140 2289 2214 1;
2320 2136 2451 2199 alia
2480 2135 2773 2221 exempla
2802 2156 2949 2200 con-

508 2237 776 2303 fusionis
833 2238 1334 2304 declinationum
1388 2239 1633 2304 habent
1678 2239 1885 2304 Neue.
1940 2243 1978 2302 2
2035 2260 2098 2324 p.
2142 2242 2289 2319 422,
2343 2238 2664 2303 Boensch.
2711 2260 2775 2324 p.
2824 2243 2947 2302 283

511 2363 605 2426 sq.
695 2343 1028 2428 refingere
1081 2350 1232 2408 met.
1300 2347 1358 2423 3,
1421 2348 1518 2423 12,
1577 2343 1821 2407 Pacuv.
1890 2341 2066 2426 apud
2111 2342 2392 2409 Varron.
2451 2341 2491 2404 1.
2560 2341 2601 2406 1.
2667 2345 2700 2403 7
2768 2342 2805 2426 ξ
2864 2345 2943 2406 91

509 2446 702 2527 (teste
747 2445 1272 2510 Kretschmanno
1319 2468 1381 2532 p.
1415 2449 1516 2526 84,
1561 2444 1676 2510 sed
1721 2467 1839 2525 ego
1884 2445 2099 2509 inveni
2144 2443 2455 2527 reficere),
2492 2443 2687 2527 Verg.
2725 2466 2940 2527 georg.

509 2551 570 2628 4,
618 2552 742 2612 202
789 2549 932 2634 (sed
978 2571 1148 2613 nunc
1191 2549 1430 2633 legitur
1473 2547 1802 2634 refigunt),
1838 2548 2015 2615 Tert.
2050 2548 2129 2615 de
2176 2548 2393 2613 anima
2424 2551 2525 2628 34,
2570 2546 2775 2613 Rutil.
2807 2547 2947 2613 itin.

516 2656 571 2731 1,
624 2657 766 2715 116.
848 2650 1225 2738 subigitare
1269 2654 1347 2717 de
1392 2673 1560 2735 mag.
1609 2657 1689 2716 87
1736 2673 1854 2737 pro
1900 2652 2285 2730 sollicitare3
2348 2650 2525 2737 apud
2566 2651 2843 2716 comicos
2885 2652 2951 2715 in

510 2755 705 2819 rebus
749 2755 1041 2821 obscenis
1082 2758 1397 2820 usitatum
1443 2762 1614 2835 erat,
1675 2756 1901 2819 eodem
1956 2776 2146 2819 sensu
2203 2773 2329 2838 quo
2374 2754 2549 2839 apud
2594 2754 2952 2839 Apuleium

513 2859 822 2943 scriptum
855 2864 1069 2922 exstat
1098 2860 1164 2921 in
1196 2858 1474 2943 epistula
1505 2858 1593 2922 M.
1621 2858 1877 2923 Aurelii
1910 2856 1995 2922 ad
2016 2858 2332 2922 Fronton.
2363 2860 2425 2935 4,
2463 2861 2520 2920 5.
2581 2855 2955 2921 subservire

513 2962 728 3043 ddgm.
777 2961 948 3026 Plat.
1000 2966 1053 3040 1,
1105 2966 1204 3043 13,
1251 2960 1456 3026 Naev.
1510 2966 1651 3042 112,
1697 2962 1916 3025 Plaut.
1962 2962 2134 3026 Men.
2185 2965 2243 3041 5,
2291 2964 2350 3041 2,
2402 2964 2497 3041 16,
2545 2959 2692 3024 Ter.
2738 2958 2950 3024 Andr.
3076 3010 3079 3015 .

511 3068 572 3144 4,
621 3070 678 3145 3,
726 3069 825 3145 20,
872 3065 1096 3128 Pacat.
1145 3086 1374 3150 paneg.
1410 3064 1656 3129 Theod.
1707 3069 1814 3141 18;
1862 3064 2159 3129 similiter
2204 3062 2647 3127 Tertullianus
2699 3063 2959 3148 scripsit

513 3167 1006 3232 subministrare
1051 3169 1218 3252 apol.
1256 3173 1358 3249 23,
1405 3168 1549 3233 adv.
1581 3168 1783 3232 Marc.
1818 3172 1874 3246 2,
1913 3169 2012 3247 14,
2052 3166 2195 3229 aliis
2225 3166 2400 3231 locis.
2466 3166 2958 3256 suffarz’ez‘rzare

512 3277 661 3334 met.
709 3276 768 3349 8,
817 3277 882 3350 9;
935 3275 1032 3351 10,
1080 3276 1138 3351 6,
1205 3271 1407 3335 Plaut
1474 3272 1666 3336 Curc.
1735 3277 1794 3348 2,
1868 3274 1925 3349 3,
1997 3272 2095 3348 10,
2166 3268 2315 3334 Ter.
2378 3269 2589 3333 Andr.
2634 3274 2695 3345 4,
2742 3275 2803 3351 4,
2852 3276 2953 3351 31,

514 3371 805 3437 Cassiod.
853 3372 1000 3435 inst.
1048 3373 1174 3437 div.
1220 3373 1316 3436 lit.
1363 3378 1444 3437 28
1490 3372 1846 3455 Augustini
1890 3370 2089 3435 verba
2130 3371 2424 3437 afferens,

684 3474 765 3538 In
837 3476 1299 3539 consuetudine
1363 3476 1690 3540 cotidiana
1758 3496 1888 3539 non
1952 3475 2160 3539 solum
2228 3475 2781 3540 substantivorum
2843 3473 2957 3538 sed

511 3577 708 3640 etiam
749 3578 1089 3642 verborum
1137 3600 1375 3661 genera
1418 3578 2007 3657 confundebantur3
2070 3577 2250 3642 haud
2296 3599 2506 3663 pauca
2548 3578 2745 3643 verba
2796 3600 2954 3641 nun-

514 3701 706 3765 quam
738 3701 865 3744 uno
898 3702 1130 3762 genere
1162 3689 1337 3747 certo
1383 3683 1624 3746 usitata
1653 3681 1849 3745 fuisse
1879 3682 2199 3761 videntur,
2245 3702 2523 3766 namque
2553 3683 2693 3769 ipse
2726 3681 2955 3748 Cicero

513 3783 827 3847 nonnulla
871 3783 1013 3847 aliis
1043 3784 1198 3849 locis
1245 3786 1435 3850 aliter
1464 3785 1682 3871 posuit
1713 3785 1881 3849 sicut
1910 3783 2106 3849 adulo
2136 3791 2202 3849 et
2233 3784 2479 3865 adulor,
2526 3807 2729 3869 arguo
2762 3792 2826 3851 et
2857 3806 2957 3849 ar-

441 3939 447 3945 .
510 3907 688 3968 guor,
737 3886 1018 3950 assentio
1062 3892 1129 3951 et
1173 3889 1536 3970 assientior,
1581 3887 1789 3952 frusto
1835 3893 1901 3952 et
1945 3887 2203 3968 frustor,
2248 3887 2513 3954 ludifico
2544 3895 2611 3954 et
2638 3888 2953 3968 ludificor,

403 3978 418 3991 ’
453 4042 465 4053 ,
510 4009 723 4051 mereo
755 3994 820 4052 et
843 3976 1112 4055 mereor.
1173 3992 1587 4078 saepissimae
1610 3991 1734 4055 hoc
1765 3989 2119 4071 eveniebat,
2154 3995 2227 4054 ut
2255 3991 2455 4056 verba
2484 3991 2790 4057 medialia
2810 4012 2957 4075 pas-

511 4091 643 4154 sive
687 4097 1184 4177 usurparentur3
1232 4095 1527 4180 exempla
1568 4095 1760 4159 huius
1800 4092 2189 4158 confusionis
2224 4116 2531 4177 generum
2558 4095 2959 4177 collegerunt

511 4192 718 4257 Neue.
758 4194 798 4257 1.
835 4216 887 4259 c.
921 4198 958 4257 2
1003 4216 1065 4280 p.
1098 4200 1224 4259 270
1269 4217 1362 4282 sq.
1406 4204 1472 4263 et
1499 4196 1821 4263 Roensch.
1865 4217 1927 4281 p.
1962 4200 2087 4260 297
2120 4217 2214 4282 sq.
2282 4218 2495 4285 pauca
2540 4219 2618 4262 ex
2661 4198 2763 4263 his
2810 4218 2958 4283 pro-

516 4296 738 4377 feram,
773 4303 846 4362 ut
867 4299 1299 4383 perspiciatur
1327 4302 1394 4365 in
1418 4322 1708 4365 sermone
1738 4301 1950 4364 minus
1984 4321 2207 4365 severo
2237 4307 2453 4366 aetate
2480 4299 2807 4367 Caesarea
2835 4322 2964 4391 non

514 4399 812 4482 defuisse,
851 4422 1018 4487 quae
1047 4403 1178 4467 iam
1211 4404 1676 4490 antiquissimis
1709 4403 2110 4488 temporibus
2148 4404 2342 4468 simili
2379 4406 2631 4470 ratione
2654 4424 2965 4491 poneren-

513 4510 655 4584 tur3
689 4504 755 4570 in
778 4504 954 4573 Itala
984 4512 1164 4574 sunt:
1197 4528 1523 4593 aucupare
1556 4505 1786 4592 psalm.
1816 4509 1919 4587 58,
1949 4508 1995 4569 4
2024 4505 2273 4591 (Plaut.
2297 4507 2468 4573 Enn.
2492 4509 2733 4573 Pacuv.
2764 4506 2964 4573 Titin.
