<?xml version="1.0" encoding="UTF-8"?>
<!DOCTYPE html PUBLIC "-//W3C//DTD XHTML 1.0 Transitional//EN"
    "http://www.w3.org/TR/xhtml1/DTD/xhtml1-transitional.dtd">
<html xmlns="http://www.w3.org/1999/xhtml" xml:lang="en" lang="en">
 <head>
  <title>
</title>
<meta http-equiv="Content-Type" content="text/html;charset=utf-8" />
  <meta name='ocr-system' content='tesseract 3.04.00' />
  <meta name='ocr-capabilities' content='ocr_page ocr_carea ocr_par ocr_line ocrx_word'/>
</head>
<body>
  <div class='ocr_page' id='page_1' title='image "./curaeapuleianae01piecgoog_0054.png"; bbox 0 0 3481 5121; ppageno 0'>
   <div class='ocr_carea' id='block_1_1' title="bbox 1643 403 1725 464">
    <p class='ocr_par' dir='ltr' id='par_1_1' title="bbox 1643 403 1725 464">
     <span class='ocr_line' id='line_1_1' title="bbox 1643 403 1725 464; baseline -0.037 0"><span class='ocrx_word' id='word_1_1' title='bbox 1643 403 1725 464; x_wconf 85' lang='lat'><strong>50</strong></span> 
     </span>
    </p>
   </div>
   <div class='ocr_carea' id='block_1_2' title="bbox 1481 492 1887 498">
    <p class='ocr_par' dir='ltr' id='par_1_2' title="bbox 1481 492 1887 498">
     <span class='ocr_line' id='line_1_2' title="bbox 1481 492 1887 498; baseline 0 0"><span class='ocrx_word' id='word_1_2' title='bbox 1481 492 1887 498; x_wconf 95' lang='lat' dir='ltr'><strong> </strong></span> 
     </span>
    </p>
   </div>
   <div class='ocr_carea' id='block_1_3' title="bbox 451 601 2992 4707">
    <p class='ocr_par' dir='ltr' id='par_1_3' title="bbox 466 601 2903 793">
     <span class='ocr_line' id='line_1_3' title="bbox 466 601 2903 691; baseline -0.001 -21"><span class='ocrx_word' id='word_1_3' title='bbox 466 605 640 687; x_wconf 92' lang='lat' dir='ltr'><strong>noni,</strong></span> <span class='ocrx_word' id='word_1_4' title='bbox 689 626 848 691; x_wconf 89' lang='lat' dir='ltr'><strong>quas</strong></span> <span class='ocrx_word' id='word_1_5' title='bbox 894 606 1353 690; x_wconf 81' lang='lat' dir='ltr'>imperatorem</span> <span class='ocrx_word' id='word_1_6' title='bbox 1395 605 1771 690; x_wconf 91' lang='lat' dir='ltr'><strong>Augustum</strong></span> <span class='ocrx_word' id='word_1_7' title='bbox 1812 604 2223 690; x_wconf 81' lang='lat' dir='ltr'><strong>usurpavisse</strong></span> <span class='ocrx_word' id='word_1_8' title='bbox 2268 601 2606 668; x_wconf 87' lang='lat' dir='ltr'><strong>confirmat</strong></span> <span class='ocrx_word' id='word_1_9' title='bbox 2650 602 2903 669; x_wconf 82' lang='lat' dir='ltr'><strong>Gellius</strong></span> 
     </span>
     <span class='ocr_line' id='line_1_4' title="bbox 471 705 2899 793; baseline -0.001 -21"><span class='ocrx_word' id='word_1_10' title='bbox 471 713 570 790; x_wconf 87' lang='grc'><strong>10,</strong></span> <span class='ocrx_word' id='word_1_11' title='bbox 619 712 720 788; x_wconf 91' lang='grc'><strong>24,</strong></span> <span class='ocrx_word' id='word_1_12' title='bbox 765 713 841 788; x_wconf 92' lang='grc'><strong>2;</strong></span> <span class='ocrx_word' id='word_1_13' title='bbox 901 707 980 773; x_wconf 89' lang='lat' dir='ltr'><strong>cf.</strong></span> <span class='ocrx_word' id='word_1_14' title='bbox 1026 708 1315 775; x_wconf 91' lang='lat' dir='ltr'><strong>Macrob.</strong></span> <span class='ocrx_word' id='word_1_15' title='bbox 1376 715 1499 774; x_wconf 85' lang='lat' dir='ltr'><strong>sat.</strong></span> <span class='ocrx_word' id='word_1_16' title='bbox 1549 714 1606 791; x_wconf 89' lang='lat'><strong>5,</strong></span> <span class='ocrx_word' id='word_1_17' title='bbox 1657 713 1758 791; x_wconf 87' lang='lat'><strong>19,</strong></span> <span class='ocrx_word' id='word_1_18' title='bbox 1808 713 1904 789; x_wconf 89' lang='grc'><strong>16,</strong></span> <span class='ocrx_word' id='word_1_19' title='bbox 1960 706 2165 772; x_wconf 82' lang='grc' dir='ltr'><strong>Ν6116.</strong></span> <span class='ocrx_word' id='word_1_20' title='bbox 2213 705 2508 772; x_wconf 84' lang='lat' dir='ltr'><strong>formenl.</strong></span> <span class='ocrx_word' id='word_1_21' title='bbox 2555 711 2592 771; x_wconf 90' lang='lat'><strong>2</strong></span> <span class='ocrx_word' id='word_1_22' title='bbox 2646 729 2709 793; x_wconf 89' lang='lat' dir='ltr'><strong>p.</strong></span> <span class='ocrx_word' id='word_1_23' title='bbox 2757 711 2899 770; x_wconf 89' lang='grc'><strong>676.</strong></span> 
     </span>
    </p>

    <p class='ocr_par' dir='ltr' id='par_1_4' title="bbox 467 808 2905 1823">
     <span class='ocr_line' id='line_1_5' title="bbox 637 808 2904 897; baseline -0.002 -20"><span class='ocrx_word' id='word_1_24' title='bbox 637 812 784 877; x_wconf 86' lang='lat' dir='ltr'><strong>Iam</strong></span> <span class='ocrx_word' id='word_1_25' title='bbox 828 833 1026 897; x_wconf 90' lang='lat' dir='ltr'><strong>supra</strong></span> <span class='ocrx_word' id='word_1_26' title='bbox 1074 813 1425 877; x_wconf 81' lang='lat' dir='ltr'><strong>memoravi</strong></span> <span class='ocrx_word' id='word_1_27' title='bbox 1469 812 1812 877; x_wconf 80' lang='lat' dir='ltr'><strong>Pauckero</strong></span> <span class='ocrx_word' id='word_1_28' title='bbox 1855 808 2287 895; x_wconf 81' lang='lat' dir='ltr'><strong>frequentiam</strong></span> <span class='ocrx_word' id='word_1_29' title='bbox 2332 808 2785 873; x_wconf 85' lang='lat' dir='ltr'><strong>adverbiorum</strong></span> <span class='ocrx_word' id='word_1_30' title='bbox 2835 809 2904 872; x_wconf 92' lang='lat' dir='ltr'><strong>in</strong></span> 
     </span>
     <span class='ocr_line' id='line_1_6' title="bbox 470 911 2903 1002; baseline -0.002 -22"><span class='ocrx_word' id='word_1_31' title='bbox 470 938 596 980; x_wconf 82' lang='grc' dir='ltr'><strong>-ο</strong></span> <span class='ocrx_word' id='word_1_32' title='bbox 659 915 1084 980; x_wconf 81' lang='lat' dir='ltr'><strong>formatorum</strong></span> <span class='ocrx_word' id='word_1_33' title='bbox 1151 915 1327 1001; x_wconf 84' lang='lat' dir='ltr'><strong>apud</strong></span> <span class='ocrx_word' id='word_1_34' title='bbox 1389 915 1738 1002; x_wconf 81' lang='lat' dir='ltr'><strong>scriptores</strong></span> <span class='ocrx_word' id='word_1_35' title='bbox 1803 914 2037 979; x_wconf 89' lang='lat' dir='ltr'><strong>aetatis</strong></span> <span class='ocrx_word' id='word_1_36' title='bbox 2100 911 2460 978; x_wconf 84' lang='lat' dir='ltr'><strong>Caesareae</strong></span> <span class='ocrx_word' id='word_1_37' title='bbox 2524 912 2903 998; x_wconf 89' lang='lat' dir='ltr'><strong>posterioris</strong></span> 
     </span>
     <span class='ocr_line' id='line_1_7' title="bbox 467 1015 2903 1100; baseline -0.001 -19"><span class='ocrx_word' id='word_1_38' title='bbox 467 1018 674 1082; x_wconf 88' lang='lat' dir='ltr'><strong>visam</strong></span> <span class='ocrx_word' id='word_1_39' title='bbox 737 1040 872 1083; x_wconf 89' lang='lat' dir='ltr'><strong>esse</strong></span> <span class='ocrx_word' id='word_1_40' title='bbox 937 1018 1307 1083; x_wconf 80' lang='lat' dir='ltr'><strong>notabilem.</strong></span> <span class='ocrx_word' id='word_1_41' title='bbox 1413 1039 1491 1083; x_wconf 87' lang='lat' dir='ltr'><strong>ex</strong></span> <span class='ocrx_word' id='word_1_42' title='bbox 1549 1016 1727 1083; x_wconf 87' lang='lat' dir='ltr'><strong>Itala</strong></span> <span class='ocrx_word' id='word_1_43' title='bbox 1776 1018 1959 1082; x_wconf 89' lang='lat' dir='ltr'><strong>verbi</strong></span> <span class='ocrx_word' id='word_1_44' title='bbox 2028 1017 2243 1100; x_wconf 89' lang='lat' dir='ltr'><strong>gratia</strong></span> <span class='ocrx_word' id='word_1_45' title='bbox 2314 1036 2598 1080; x_wconf 90' lang='lat' dir='ltr'><strong>memoro</strong></span> <span class='ocrx_word' id='word_1_46' title='bbox 2664 1015 2903 1079; x_wconf 90' lang='lat' dir='ltr'><strong>iniusto</strong></span> 
     </span>
     <span class='ocr_line' id='line_1_8' title="bbox 470 1116 2905 1207; baseline -0.002 -23"><span class='ocrx_word' id='word_1_47' title='bbox 470 1126 729 1203; x_wconf 90' lang='lat' dir='ltr'><strong>postero</strong></span> <span class='ocrx_word' id='word_1_48' title='bbox 783 1127 951 1186; x_wconf 87' lang='lat' dir='ltr'><strong>vano</strong></span> <span class='ocrx_word' id='word_1_49' title='bbox 1009 1122 1315 1187; x_wconf 90' lang='lat' dir='ltr'><strong>unanimo</strong></span> <span class='ocrx_word' id='word_1_50' title='bbox 1396 1120 1504 1206; x_wconf 87' lang='lat' dir='ltr'><strong>(cf.</strong></span> <span class='ocrx_word' id='word_1_51' title='bbox 1561 1119 1702 1186; x_wconf 88' lang='lat' dir='ltr'><strong>Ott.</strong></span> <span class='ocrx_word' id='word_1_52' title='bbox 1760 1143 1826 1207; x_wconf 91' lang='lat' dir='ltr'><strong>p.</strong></span> <span class='ocrx_word' id='word_1_53' title='bbox 1880 1120 2066 1205; x_wconf 83' lang='lat'>785);</span> <span class='ocrx_word' id='word_1_54' title='bbox 2131 1125 2276 1184; x_wconf 87' lang='lat' dir='ltr'><strong>rato</strong></span> <span class='ocrx_word' id='word_1_55' title='bbox 2330 1119 2531 1183; x_wconf 89' lang='lat' dir='ltr'><strong>habet</strong></span> <span class='ocrx_word' id='word_1_56' title='bbox 2585 1117 2762 1182; x_wconf 80' lang='lat' dir='ltr'><strong>Tert.</strong></span> <span class='ocrx_word' id='word_1_57' title='bbox 2824 1116 2905 1180; x_wconf 93' lang='lat' dir='ltr'><strong>de</strong></span> 
     </span>
     <span class='ocr_line' id='line_1_9' title="bbox 477 1220 2903 1311; baseline -0.001 -26"><span class='ocrx_word' id='word_1_58' title='bbox 477 1223 693 1286; x_wconf 89' lang='lat' dir='ltr'><strong>anima</strong></span> <span class='ocrx_word' id='word_1_59' title='bbox 740 1227 841 1305; x_wconf 86' lang='lat'><strong>35,</strong></span> <span class='ocrx_word' id='word_1_60' title='bbox 903 1223 1225 1311; x_wconf 90' lang='lat' dir='ltr'><strong>superfluo</strong></span> <span class='ocrx_word' id='word_1_61' title='bbox 1268 1224 1444 1308; x_wconf 86' lang='lat' dir='ltr'><strong>Aug.</strong></span> <span class='ocrx_word' id='word_1_62' title='bbox 1501 1244 1600 1310; x_wconf 91' lang='lat' dir='ltr'><strong>ep.</strong></span> <span class='ocrx_word' id='word_1_63' title='bbox 1647 1228 1750 1288; x_wconf 87' lang='lat'><strong>28.</strong></span> <span class='ocrx_word' id='word_1_64' title='bbox 1840 1222 2178 1310; x_wconf 84' lang='lat' dir='ltr'><strong>insperato</strong></span> <span class='ocrx_word' id='word_1_65' title='bbox 2223 1220 2425 1308; x_wconf 92' lang='lat' dir='ltr'><strong>Apul.</strong></span> <span class='ocrx_word' id='word_1_66' title='bbox 2479 1227 2631 1286; x_wconf 87' lang='lat' dir='ltr'><strong>met.</strong></span> <span class='ocrx_word' id='word_1_67' title='bbox 2685 1223 2745 1300; x_wconf 83' lang='lat'><strong>9,</strong></span> <span class='ocrx_word' id='word_1_68' title='bbox 2802 1224 2903 1300; x_wconf 87' lang='grc'><strong>38,</strong></span> 
     </span>
     <span class='ocr_line' id='line_1_10' title="bbox 471 1323 2901 1411; baseline -0.002 -22"><span class='ocrx_word' id='word_1_69' title='bbox 471 1325 689 1390; x_wconf 85' lang='lat' dir='ltr'><strong>Plaut.</strong></span> <span class='ocrx_word' id='word_1_70' title='bbox 736 1327 962 1393; x_wconf 90' lang='lat' dir='ltr'><strong>Aulul.</strong></span> <span class='ocrx_word' id='word_1_71' title='bbox 1019 1349 1153 1410; x_wconf 86' lang='lat' dir='ltr'><strong>arg.</strong></span> <span class='ocrx_word' id='word_1_72' title='bbox 1219 1332 1270 1408; x_wconf 94' lang='grc'><strong>1,</strong></span> <span class='ocrx_word' id='word_1_73' title='bbox 1324 1331 1422 1408; x_wconf 88' lang='grc'><strong>14,</strong></span> <span class='ocrx_word' id='word_1_74' title='bbox 1484 1327 1698 1392; x_wconf 90' lang='lat' dir='ltr'><strong>Lucil.</strong></span> <span class='ocrx_word' id='word_1_75' title='bbox 1758 1332 1861 1408; x_wconf 89' lang='lat'><strong>30,</strong></span> <span class='ocrx_word' id='word_1_76' title='bbox 1907 1331 2007 1390; x_wconf 85' lang='lat'><strong>38.</strong></span> <span class='ocrx_word' id='word_1_77' title='bbox 2091 1323 2429 1411; x_wconf 76' lang='lat' dir='ltr'><strong>partiario</strong></span> <span class='ocrx_word' id='word_1_78' title='bbox 2482 1330 2633 1389; x_wconf 90' lang='lat' dir='ltr'><strong>met.</strong></span> <span class='ocrx_word' id='word_1_79' title='bbox 2694 1327 2751 1404; x_wconf 88' lang='grc'><strong>9,</strong></span> <span class='ocrx_word' id='word_1_80' title='bbox 2801 1328 2901 1404; x_wconf 92' lang='grc'><strong>27,</strong></span> 
     </span>
     <span class='ocr_line' id='line_1_11' title="bbox 474 1427 2905 1517; baseline -0.001 -23"><span class='ocrx_word' id='word_1_81' title='bbox 474 1428 640 1494; x_wconf 85' lang='lat' dir='ltr'><strong>Cato</strong></span> <span class='ocrx_word' id='word_1_82' title='bbox 684 1453 734 1494; x_wconf 89' lang='lat' dir='ltr'><strong>r.</strong></span> <span class='ocrx_word' id='word_1_83' title='bbox 780 1452 832 1494; x_wconf 91' lang='lat' dir='ltr'><strong>r.</strong></span> <span class='ocrx_word' id='word_1_84' title='bbox 885 1434 961 1494; x_wconf 88' lang='lat'><strong>16</strong></span> <span class='ocrx_word' id='word_1_85' title='bbox 1019 1430 1103 1494; x_wconf 91' lang='lat' dir='ltr'><strong>ab</strong></span> <span class='ocrx_word' id='word_1_86' title='bbox 1163 1429 1482 1496; x_wconf 91' lang='lat' dir='ltr'><strong>adiectivo</strong></span> <span class='ocrx_word' id='word_1_87' title='bbox 1535 1430 1889 1517; x_wconf 88' lang='lat' dir='ltr'><strong>partiarius</strong></span> <span class='ocrx_word' id='word_1_88' title='bbox 1934 1429 2323 1508; x_wconf 89' lang='lat' dir='ltr'><strong>derivatum,</strong></span> <span class='ocrx_word' id='word_1_89' title='bbox 2384 1427 2560 1513; x_wconf 88' lang='lat' dir='ltr'><strong>quod</strong></span> <span class='ocrx_word' id='word_1_90' title='bbox 2606 1433 2705 1493; x_wconf 90' lang='lat' dir='ltr'><strong>est</strong></span> <span class='ocrx_word' id='word_1_91' title='bbox 2748 1427 2905 1492; x_wconf 81' lang='lat' dir='ltr'><strong>Ter-</strong></span> 
     </span>
     <span class='ocr_line' id='line_1_12' title="bbox 470 1530 2905 1619; baseline -0.001 -23"><span class='ocrx_word' id='word_1_92' title='bbox 470 1533 727 1597; x_wconf 88' lang='lat' dir='ltr'><strong>tulliani</strong></span> <span class='ocrx_word' id='word_1_93' title='bbox 771 1533 914 1597; x_wconf 90' lang='lat' dir='ltr'><strong>adv.</strong></span> <span class='ocrx_word' id='word_1_94' title='bbox 945 1533 1146 1598; x_wconf 89' lang='lat' dir='ltr'><strong>Marc.</strong></span> <span class='ocrx_word' id='word_1_95' title='bbox 1191 1539 1249 1615; x_wconf 87' lang='lat'><strong>3,</strong></span> <span class='ocrx_word' id='word_1_96' title='bbox 1299 1537 1396 1615; x_wconf 86' lang='lat'><strong>16,</strong></span> <span class='ocrx_word' id='word_1_97' title='bbox 1445 1531 1525 1596; x_wconf 89' lang='lat' dir='ltr'><strong>de</strong></span> <span class='ocrx_word' id='word_1_98' title='bbox 1568 1554 1690 1598; x_wconf 91' lang='lat' dir='ltr'><strong>res.</strong></span> <span class='ocrx_word' id='word_1_99' title='bbox 1739 1555 1914 1598; x_wconf 84' lang='lat' dir='ltr'><strong>carn.</strong></span> <span class='ocrx_word' id='word_1_100' title='bbox 1949 1537 2007 1596; x_wconf 91' lang='lat'><strong>2.</strong></span> <span class='ocrx_word' id='word_1_101' title='bbox 2082 1530 2430 1596; x_wconf 77' lang='lat' dir='ltr'><strong>munditer</strong></span> <span class='ocrx_word' id='word_1_102' title='bbox 2474 1531 2555 1596; x_wconf 98' lang='grc'><strong>(16</strong></span> <span class='ocrx_word' id='word_1_103' title='bbox 2597 1552 2765 1613; x_wconf 86' lang='lat' dir='ltr'><strong>mag.</strong></span> <span class='ocrx_word' id='word_1_104' title='bbox 2804 1535 2905 1619; x_wconf 88' lang='lat'><strong>33,</strong></span> 
     </span>
     <span class='ocr_line' id='line_1_13' title="bbox 469 1633 2904 1722; baseline -0.001 -22"><span class='ocrx_word' id='word_1_105' title='bbox 469 1636 691 1701; x_wconf 91' lang='lat' dir='ltr'><strong>Plaut.</strong></span> <span class='ocrx_word' id='word_1_106' title='bbox 738 1636 938 1701; x_wconf 91' lang='lat' dir='ltr'><strong>Poen.</strong></span> <span class='ocrx_word' id='word_1_107' title='bbox 1008 1641 1064 1717; x_wconf 90' lang='lat'><strong>1,</strong></span> <span class='ocrx_word' id='word_1_108' title='bbox 1115 1642 1173 1718; x_wconf 91' lang='lat'><strong>2,</strong></span> <span class='ocrx_word' id='word_1_109' title='bbox 1221 1639 1322 1700; x_wconf 87' lang='lat'><strong>25.</strong></span> <span class='ocrx_word' id='word_1_110' title='bbox 1399 1635 1811 1722; x_wconf 63' lang='lat' dir='ltr'><strong>paenissime</strong></span> <span class='ocrx_word' id='word_1_111' title='bbox 1860 1641 2011 1700; x_wconf 89' lang='lat' dir='ltr'><strong>met.</strong></span> <span class='ocrx_word' id='word_1_112' title='bbox 2071 1639 2130 1715; x_wconf 83' lang='lat'><strong>8,</strong></span> <span class='ocrx_word' id='word_1_113' title='bbox 2193 1638 2251 1715; x_wconf 90' lang='grc'><strong>6,</strong></span> <span class='ocrx_word' id='word_1_114' title='bbox 2306 1634 2526 1698; x_wconf 91' lang='lat' dir='ltr'><strong>Plaut.</strong></span> <span class='ocrx_word' id='word_1_115' title='bbox 2572 1633 2797 1700; x_wconf 89' lang='lat' dir='ltr'><strong>Aulul.</strong></span> <span class='ocrx_word' id='word_1_116' title='bbox 2846 1639 2904 1714; x_wconf 88' lang='lat'><strong>3,</strong></span> 
     </span>
     <span class='ocr_line' id='line_1_14' title="bbox 472 1733 2447 1823; baseline -0.001 -20"><span class='ocrx_word' id='word_1_117' title='bbox 472 1743 533 1820; x_wconf 93' lang='lat'><strong>4,</strong></span> <span class='ocrx_word' id='word_1_118' title='bbox 591 1733 646 1820; x_wconf 84' lang='lat'><strong>7‘‚</strong></span> <span class='ocrx_word' id='word_1_119' title='bbox 692 1739 885 1804; x_wconf 89' lang='lat' dir='ltr'><strong>Most.</strong></span> <span class='ocrx_word' id='word_1_120' title='bbox 935 1744 992 1820; x_wconf 90' lang='lat'><strong>3,</strong></span> <span class='ocrx_word' id='word_1_121' title='bbox 1043 1744 1098 1820; x_wconf 88' lang='lat'><strong>1,</strong></span> <span class='ocrx_word' id='word_1_122' title='bbox 1150 1744 1292 1820; x_wconf 89' lang='lat'><strong>123,</strong></span> <span class='ocrx_word' id='word_1_123' title='bbox 1339 1737 1416 1802; x_wconf 89' lang='lat' dir='ltr'><strong>cf.</strong></span> <span class='ocrx_word' id='word_1_124' title='bbox 1463 1760 1526 1823; x_wconf 88' lang='lat' dir='ltr'><strong>p.</strong></span> <span class='ocrx_word' id='word_1_125' title='bbox 1575 1741 1654 1801; x_wconf 88' lang='lat'><strong>39</strong></span> <span class='ocrx_word' id='word_1_126' title='bbox 1699 1760 1749 1804; x_wconf 91' lang='lat' dir='ltr'><strong>s.</strong></span> <span class='ocrx_word' id='word_1_127' title='bbox 1782 1762 1840 1802; x_wconf 88' lang='lat' dir='ltr'><strong>v.</strong></span> <span class='ocrx_word' id='word_1_128' title='bbox 1886 1738 2447 1822; x_wconf 90' lang='lat' dir='ltr'><strong>postremissimus.</strong></span> 
     </span>
    </p>

    <p class='ocr_par' dir='ltr' id='par_1_5' title="bbox 451 1838 2992 4707">
     <span class='ocr_line' id='line_1_15' title="bbox 643 1838 2908 1929; baseline -0.001 -23"><span class='ocrx_word' id='word_1_129' title='bbox 643 1842 829 1906; x_wconf 88' lang='lat' dir='ltr'><strong>Inter</strong></span> <span class='ocrx_word' id='word_1_130' title='bbox 880 1842 1079 1906; x_wconf 89' lang='lat' dir='ltr'><strong>verba</strong></span> <span class='ocrx_word' id='word_1_131' title='bbox 1130 1843 1378 1929; x_wconf 89' lang='lat' dir='ltr'><strong>primae</strong></span> <span class='ocrx_word' id='word_1_132' title='bbox 1432 1841 1881 1906; x_wconf 84' lang='lat' dir='ltr'><strong>declinationis</strong></span> <span class='ocrx_word' id='word_1_133' title='bbox 1948 1862 1989 1905; x_wconf 88' lang='lat' dir='ltr'><strong>a</strong></span> <span class='ocrx_word' id='word_1_134' title='bbox 2042 1840 2409 1906; x_wconf 89' lang='lat' dir='ltr'><strong>nominibus</strong></span> <span class='ocrx_word' id='word_1_135' title='bbox 2463 1839 2745 1905; x_wconf 86' lang='lat' dir='ltr'><strong>formata</strong></span> <span class='ocrx_word' id='word_1_136' title='bbox 2799 1838 2908 1924; x_wconf 91' lang='lat' dir='ltr'><strong>(de</strong></span> 
     </span>
     <span class='ocr_line' id='line_1_16' title="bbox 470 1941 2907 2032; baseline -0.002 -22"><span class='ocrx_word' id='word_1_137' title='bbox 470 1945 572 2010; x_wconf 91' lang='lat' dir='ltr'><strong>his</strong></span> <span class='ocrx_word' id='word_1_138' title='bbox 630 1943 708 2008; x_wconf 88' lang='lat' dir='ltr'><strong>cf.</strong></span> <span class='ocrx_word' id='word_1_139' title='bbox 770 1967 834 2032; x_wconf 91' lang='lat' dir='ltr'><strong>p.</strong></span> <span class='ocrx_word' id='word_1_140' title='bbox 892 1946 1005 2029; x_wconf 91' lang='lat'><strong>42)</strong></span> <span class='ocrx_word' id='word_1_141' title='bbox 1065 1943 1459 2027; x_wconf 86' lang='lat' dir='ltr'><strong>singularem</strong></span> <span class='ocrx_word' id='word_1_142' title='bbox 1521 1944 1819 2010; x_wconf 90' lang='lat' dir='ltr'><strong>obtinent</strong></span> <span class='ocrx_word' id='word_1_143' title='bbox 1874 1945 2114 2026; x_wconf 89' lang='lat' dir='ltr'><strong>locum,</strong></span> <span class='ocrx_word' id='word_1_144' title='bbox 2174 1964 2341 2029; x_wconf 93' lang='lat' dir='ltr'><strong>quae</strong></span> <span class='ocrx_word' id='word_1_145' title='bbox 2397 1964 2437 2006; x_wconf 89' lang='lat' dir='ltr'><strong>a</strong></span> <span class='ocrx_word' id='word_1_146' title='bbox 2486 1941 2907 2007; x_wconf 87' lang='lat' dir='ltr'><strong>substantivis</strong></span> 
     </span>
     <span class='ocr_line' id='line_1_17' title="bbox 472 2045 2910 2133; baseline -0.001 -22"><span class='ocrx_word' id='word_1_147' title='bbox 472 2046 765 2112; x_wconf 89' lang='lat' dir='ltr'><strong>derivata</strong></span> <span class='ocrx_word' id='word_1_148' title='bbox 819 2053 885 2112; x_wconf 90' lang='lat' dir='ltr'><strong>et</strong></span> <span class='ocrx_word' id='word_1_149' title='bbox 942 2070 1086 2112; x_wconf 92' lang='lat' dir='ltr'><strong>cum</strong></span> <span class='ocrx_word' id='word_1_150' title='bbox 1137 2047 1616 2133; x_wconf 87' lang='lat' dir='ltr'><strong>praepositione</strong></span> <span class='ocrx_word' id='word_1_151' title='bbox 1676 2069 1763 2112; x_wconf 82' lang='lat' dir='ltr'><strong>ex</strong></span> <span class='ocrx_word' id='word_1_152' title='bbox 1816 2047 2175 2133; x_wconf 84' lang='lat' dir='ltr'><strong>composita</strong></span> <span class='ocrx_word' id='word_1_153' title='bbox 2225 2047 2617 2133; x_wconf 79' lang='lat' dir='ltr'><strong>peculiarem</strong></span> <span class='ocrx_word' id='word_1_154' title='bbox 2666 2045 2910 2110; x_wconf 90' lang='lat' dir='ltr'><strong>habent</strong></span> 
     </span>
     <span class='ocr_line' id='line_1_18' title="bbox 472 2147 2907 2236; baseline -0.001 -22"><span class='ocrx_word' id='word_1_155' title='bbox 472 2150 1014 2232; x_wconf 86' lang='lat' dir='ltr'><strong>significationem</strong></span> <span class='ocrx_word' id='word_1_156' title='bbox 1069 2151 1369 2236; x_wconf 87' lang='lat' dir='ltr'><strong>privandi</strong></span> <span class='ocrx_word' id='word_1_157' title='bbox 1437 2149 1717 2235; x_wconf 90' lang='lat' dir='ltr'><strong>aliquem</strong></span> <span class='ocrx_word' id='word_1_158' title='bbox 1769 2173 1847 2216; x_wconf 89' lang='lat' dir='ltr'><strong>ea</strong></span> <span class='ocrx_word' id='word_1_159' title='bbox 1898 2171 1997 2231; x_wconf 92' lang='lat' dir='ltr'><strong>re,</strong></span> <span class='ocrx_word' id='word_1_160' title='bbox 2064 2171 2232 2236; x_wconf 89' lang='lat' dir='ltr'><strong>quae</strong></span> <span class='ocrx_word' id='word_1_161' title='bbox 2292 2147 2715 2214; x_wconf 87' lang='lat' dir='ltr'><strong>substantivis</strong></span> <span class='ocrx_word' id='word_1_162' title='bbox 2778 2149 2907 2212; x_wconf 90' lang='lat' dir='ltr'><strong>illis</strong></span> 
     </span>
     <span class='ocr_line' id='line_1_19' title="bbox 472 2251 2910 2336; baseline -0.001 -19"><span class='ocrx_word' id='word_1_163' title='bbox 472 2257 756 2318; x_wconf 90' lang='lat' dir='ltr'><strong>notatur.</strong></span> <span class='ocrx_word' id='word_1_164' title='bbox 833 2254 900 2317; x_wconf 93' lang='lat' dir='ltr'><strong>in</strong></span> <span class='ocrx_word' id='word_1_165' title='bbox 934 2253 1110 2317; x_wconf 87' lang='lat' dir='ltr'><strong>Itala</strong></span> <span class='ocrx_word' id='word_1_166' title='bbox 1152 2253 1253 2318; x_wconf 91' lang='lat' dir='ltr'><strong>vel</strong></span> <span class='ocrx_word' id='word_1_167' title='bbox 1285 2251 1574 2336; x_wconf 84' lang='lat' dir='ltr'><strong>Vulgata</strong></span> <span class='ocrx_word' id='word_1_168' title='bbox 1619 2259 1803 2318; x_wconf 88' lang='lat' dir='ltr'><strong>sunt:</strong></span> <span class='ocrx_word' id='word_1_169' title='bbox 1854 2252 2245 2319; x_wconf 89' lang='lat' dir='ltr'><strong>emedullare</strong></span> <span class='ocrx_word' id='word_1_170' title='bbox 2288 2273 2461 2316; x_wconf 91' lang='lat' dir='ltr'><strong>num.</strong></span> <span class='ocrx_word' id='word_1_171' title='bbox 2510 2256 2611 2332; x_wconf 87' lang='lat'><strong>24,</strong></span> <span class='ocrx_word' id='word_1_172' title='bbox 2660 2257 2720 2333; x_wconf 84' lang='lat'><strong>8,</strong></span> <span class='ocrx_word' id='word_1_173' title='bbox 2768 2273 2910 2316; x_wconf 91' lang='lat' dir='ltr'><strong>eva-</strong></span> 
     </span>
     <span class='ocr_line' id='line_1_20' title="bbox 476 2355 2903 2438; baseline -0 -20"><span class='ocrx_word' id='word_1_174' title='bbox 476 2356 700 2438; x_wconf 88' lang='lat' dir='ltr'><strong>ginare</strong></span> <span class='ocrx_word' id='word_1_175' title='bbox 746 2361 870 2419; x_wconf 87' lang='lat' dir='ltr'><strong>act.</strong></span> <span class='ocrx_word' id='word_1_176' title='bbox 909 2360 1008 2436; x_wconf 85' lang='lat'><strong>16,</strong></span> <span class='ocrx_word' id='word_1_177' title='bbox 1043 2359 1144 2436; x_wconf 90' lang='lat'><strong>27,</strong></span> <span class='ocrx_word' id='word_1_178' title='bbox 1192 2358 1374 2421; x_wconf 92' lang='lat' dir='ltr'><strong>exod.</strong></span> <span class='ocrx_word' id='word_1_179' title='bbox 1412 2361 1510 2438; x_wconf 89' lang='lat'><strong>15,</strong></span> <span class='ocrx_word' id='word_1_180' title='bbox 1559 2360 1615 2437; x_wconf 93' lang='grc'><strong>9,</strong></span> <span class='ocrx_word' id='word_1_181' title='bbox 1674 2379 1848 2421; x_wconf 89' lang='lat' dir='ltr'><strong>num.</strong></span> <span class='ocrx_word' id='word_1_182' title='bbox 1882 2361 1983 2437; x_wconf 91' lang='lat'><strong>22,</strong></span> <span class='ocrx_word' id='word_1_183' title='bbox 2031 2361 2131 2435; x_wconf 88' lang='grc'><strong>23,</strong></span> <span class='ocrx_word' id='word_1_184' title='bbox 2180 2355 2596 2420; x_wconf 86' lang='lat' dir='ltr'><strong>excerebrare</strong></span> <span class='ocrx_word' id='word_1_185' title='bbox 2627 2355 2754 2420; x_wconf 80' lang='lat' dir='ltr'><strong>Ies,</strong></span> <span class='ocrx_word' id='word_1_186' title='bbox 2801 2358 2903 2434; x_wconf 88' lang='lat'><strong>66,</strong></span> 
     </span>
     <span class='ocr_line' id='line_1_21' title="bbox 479 2457 2909 2545; baseline 0 -24"><span class='ocrx_word' id='word_1_187' title='bbox 479 2463 514 2521; x_wconf 91' lang='lat'><strong>3</strong></span> <span class='ocrx_word' id='word_1_188' title='bbox 569 2457 779 2542; x_wconf 82' lang='lat' dir='ltr'><strong>(Tert.</strong></span> <span class='ocrx_word' id='word_1_189' title='bbox 827 2458 966 2524; x_wconf 90' lang='lat' dir='ltr'><strong>adv.</strong></span> <span class='ocrx_word' id='word_1_190' title='bbox 999 2459 1201 2523; x_wconf 83' lang='lat' dir='ltr'><strong>Marc.</strong></span> <span class='ocrx_word' id='word_1_191' title='bbox 1247 2463 1308 2538; x_wconf 88' lang='lat'><strong>4,</strong></span> <span class='ocrx_word' id='word_1_192' title='bbox 1345 2461 1473 2545; x_wconf 88' lang='grc'><strong>11),</strong></span> <span class='ocrx_word' id='word_1_193' title='bbox 1521 2460 1852 2524; x_wconf 89' lang='lat' dir='ltr'><strong>excoriare</strong></span> <span class='ocrx_word' id='word_1_194' title='bbox 1882 2459 2077 2524; x_wconf 91' lang='lat' dir='ltr'><strong>Mich.</strong></span> <span class='ocrx_word' id='word_1_195' title='bbox 2111 2464 2170 2542; x_wconf 91' lang='lat'><strong>2,</strong></span> <span class='ocrx_word' id='word_1_196' title='bbox 2219 2464 2285 2538; x_wconf 88' lang='grc'><strong>8;</strong></span> <span class='ocrx_word' id='word_1_197' title='bbox 2334 2462 2390 2538; x_wconf 90' lang='lat'><strong>3,</strong></span> <span class='ocrx_word' id='word_1_198' title='bbox 2441 2461 2499 2538; x_wconf 94' lang='lat'><strong>3,</strong></span> <span class='ocrx_word' id='word_1_199' title='bbox 2547 2457 2909 2522; x_wconf 86' lang='lat' dir='ltr'><strong>exinterare</strong></span> 
     </span>
     <span class='ocr_line' id='line_1_22' title="bbox 479 2560 2907 2648; baseline -0.001 -23"><span class='ocrx_word' id='word_1_200' title='bbox 479 2560 642 2625; x_wconf 83' lang='lat' dir='ltr'><strong>Tob.</strong></span> <span class='ocrx_word' id='word_1_201' title='bbox 691 2565 749 2643; x_wconf 89' lang='grc'><strong>6,</strong></span> <span class='ocrx_word' id='word_1_202' title='bbox 799 2565 856 2641; x_wconf 89' lang='grc'><strong>5,</strong></span> <span class='ocrx_word' id='word_1_203' title='bbox 903 2563 1120 2627; x_wconf 90' lang='lat' dir='ltr'><strong>Plaut.</strong></span> <span class='ocrx_word' id='word_1_204' title='bbox 1166 2562 1364 2648; x_wconf 82' lang='lat' dir='ltr'><strong>Epid.</strong></span> <span class='ocrx_word' id='word_1_205' title='bbox 1413 2568 1472 2643; x_wconf 91' lang='lat'><strong>2,</strong></span> <span class='ocrx_word' id='word_1_206' title='bbox 1518 2568 1577 2643; x_wconf 89' lang='lat'><strong>2,</strong></span> <span class='ocrx_word' id='word_1_207' title='bbox 1626 2568 1693 2642; x_wconf 79' lang='lat'><strong>23</strong></span> <span class='ocrx_word' id='word_1_208' title='bbox 1744 2567 1802 2643; x_wconf 90' lang='lat'><strong>3,</strong></span> <span class='ocrx_word' id='word_1_209' title='bbox 1848 2567 1909 2645; x_wconf 87' lang='lat'><strong>4,</strong></span> <span class='ocrx_word' id='word_1_210' title='bbox 1949 2567 2054 2642; x_wconf 82' lang='lat'><strong>783</strong></span> <span class='ocrx_word' id='word_1_211' title='bbox 2103 2568 2161 2642; x_wconf 85' lang='lat'><strong>5,</strong></span> <span class='ocrx_word' id='word_1_212' title='bbox 2210 2567 2268 2643; x_wconf 94' lang='lat'><strong>2,</strong></span> <span class='ocrx_word' id='word_1_213' title='bbox 2306 2568 2362 2642; x_wconf 88' lang='lat'><strong>7,</strong></span> <span class='ocrx_word' id='word_1_214' title='bbox 2409 2562 2583 2644; x_wconf 82' lang='lat' dir='ltr'><strong>Hyg.</strong></span> <span class='ocrx_word' id='word_1_215' title='bbox 2629 2560 2758 2627; x_wconf 87' lang='lat' dir='ltr'><strong>fab.</strong></span> <span class='ocrx_word' id='word_1_216' title='bbox 2806 2564 2907 2641; x_wconf 89' lang='grc'><strong>30,</strong></span> 
     </span>
     <span class='ocr_line' id='line_1_23' title="bbox 477 2664 2908 2750; baseline -0.001 -21"><span class='ocrx_word' id='word_1_217' title='bbox 477 2665 754 2729; x_wconf 89' lang='lat' dir='ltr'><strong>Petron.·</strong></span> <span class='ocrx_word' id='word_1_218' title='bbox 790 2668 894 2747; x_wconf 89' lang='grc'><strong>49,</strong></span> <span class='ocrx_word' id='word_1_219' title='bbox 943 2669 1043 2729; x_wconf 87' lang='grc'><strong>54.</strong></span> <span class='ocrx_word' id='word_1_220' title='bbox 1133 2666 1530 2730; x_wconf 84' lang='lat' dir='ltr'><strong>exhonorare</strong></span> <span class='ocrx_word' id='word_1_221' title='bbox 1579 2666 1713 2730; x_wconf 90' lang='lat' dir='ltr'><strong>Iac.</strong></span> <span class='ocrx_word' id='word_1_222' title='bbox 1777 2672 1836 2748; x_wconf 90' lang='lat'><strong>2,</strong></span> <span class='ocrx_word' id='word_1_223' title='bbox 1895 2670 1933 2729; x_wconf 94' lang='grc'><strong>6</strong></span> <span class='ocrx_word' id='word_1_224' title='bbox 1990 2664 2301 2750; x_wconf 86' lang='lat' dir='ltr'><strong>(August.</strong></span> <span class='ocrx_word' id='word_1_225' title='bbox 2360 2664 2476 2729; x_wconf 91' lang='lat' dir='ltr'><strong>civ.</strong></span> <span class='ocrx_word' id='word_1_226' title='bbox 2529 2664 2636 2728; x_wconf 88' lang='lat' dir='ltr'><strong>dei</strong></span> <span class='ocrx_word' id='word_1_227' title='bbox 2689 2667 2747 2744; x_wconf 91' lang='lat'><strong>3,</strong></span> <span class='ocrx_word' id='word_1_228' title='bbox 2800 2668 2908 2743; x_wconf 81' lang='lat'><strong>163</strong></span> 
     </span>
     <span class='ocr_line' id='line_1_24' title="bbox 483 2766 2909 2853; baseline -0 -22"><span class='ocrx_word' id='word_1_229' title='bbox 483 2772 580 2847; x_wconf 89' lang='lat'><strong>16,</strong></span> <span class='ocrx_word' id='word_1_230' title='bbox 615 2766 703 2850; x_wconf 91' lang='grc'><strong>2),</strong></span> <span class='ocrx_word' id='word_1_231' title='bbox 737 2768 948 2832; x_wconf 83' lang='lat' dir='ltr'><strong>Tert.:</strong></span> <span class='ocrx_word' id='word_1_232' title='bbox 997 2789 1330 2833; x_wconf 86' lang='lat' dir='ltr'><strong>exarmare</strong></span> <span class='ocrx_word' id='word_1_233' title='bbox 1362 2767 1442 2832; x_wconf 92' lang='lat' dir='ltr'><strong>de</strong></span> <span class='ocrx_word' id='word_1_234' title='bbox 1476 2769 1625 2832; x_wconf 93' lang='lat' dir='ltr'><strong>cult.</strong></span> <span class='ocrx_word' id='word_1_235' title='bbox 1651 2768 1801 2833; x_wconf 86' lang='lat' dir='ltr'><strong>fem.</strong></span> <span class='ocrx_word' id='word_1_236' title='bbox 1836 2773 1893 2848; x_wconf 92' lang='lat'><strong>2,</strong></span> <span class='ocrx_word' id='word_1_237' title='bbox 1927 2771 1987 2850; x_wconf 93' lang='grc'><strong>9,</strong></span> <span class='ocrx_word' id='word_1_238' title='bbox 2034 2767 2115 2832; x_wconf 87' lang='grc'><strong>(16</strong></span> <span class='ocrx_word' id='word_1_239' title='bbox 2146 2767 2361 2853; x_wconf 92' lang='lat' dir='ltr'><strong>pudic.</strong></span> <span class='ocrx_word' id='word_1_240' title='bbox 2401 2772 2454 2848; x_wconf 92' lang='lat'><strong>1,</strong></span> <span class='ocrx_word' id='word_1_241' title='bbox 2489 2767 2909 2832; x_wconf 89' lang='lat' dir='ltr'><strong>excaudicare</strong></span> 
     </span>
     <span class='ocr_line' id='line_1_25' title="bbox 481 2869 2933 2956; baseline -0.001 -22"><span class='ocrx_word' id='word_1_242' title='bbox 481 2870 560 2935; x_wconf 92' lang='lat' dir='ltr'><strong>de</strong></span> <span class='ocrx_word' id='word_1_243' title='bbox 602 2870 818 2956; x_wconf 91' lang='lat' dir='ltr'><strong>pudic.</strong></span> <span class='ocrx_word' id='word_1_244' title='bbox 870 2874 968 2951; x_wconf 83' lang='lat'><strong>16,</strong></span> <span class='ocrx_word' id='word_1_245' title='bbox 1015 2872 1432 2936; x_wconf 88' lang='lat' dir='ltr'><strong>excerebrare</strong></span> <span class='ocrx_word' id='word_1_246' title='bbox 1477 2870 1621 2935; x_wconf 89' lang='lat' dir='ltr'><strong>adv.</strong></span> <span class='ocrx_word' id='word_1_247' title='bbox 1655 2871 1857 2935; x_wconf 86' lang='lat' dir='ltr'><strong>Marc.</strong></span> <span class='ocrx_word' id='word_1_248' title='bbox 1902 2875 1963 2952; x_wconf 90' lang='lat'><strong>4,</strong></span> <span class='ocrx_word' id='word_1_249' title='bbox 2016 2876 2114 2951; x_wconf 94' lang='grc'><strong>11,</strong></span> <span class='ocrx_word' id='word_1_250' title='bbox 2164 2871 2495 2954; x_wconf 86' lang='lat' dir='ltr'><strong>elinguare</strong></span> <span class='ocrx_word' id='word_1_251' title='bbox 2543 2869 2628 2934; x_wconf 89' lang='lat' dir='ltr'><strong>ad</strong></span> <span class='ocrx_word' id='word_1_252' title='bbox 2668 2875 2803 2934; x_wconf 91' lang='lat' dir='ltr'><strong>nat.</strong></span> <span class='ocrx_word' id='word_1_253' title='bbox 2854 2873 2933 2949; x_wconf 89' lang='grc'><strong>1,.</strong></span> 
     </span>
     <span class='ocr_line' id='line_1_26' title="bbox 480 2972 2931 3054; baseline 0 -18"><span class='ocrx_word' id='word_1_254' title='bbox 480 2978 540 3054; x_wconf 87' lang='grc'><strong>8,</strong></span> <span class='ocrx_word' id='word_1_255' title='bbox 587 2972 948 3037; x_wconf 87' lang='lat' dir='ltr'><strong>emaculare</strong></span> <span class='ocrx_word' id='word_1_256' title='bbox 993 2972 1072 3036; x_wconf 91' lang='lat' dir='ltr'><strong>de</strong></span> <span class='ocrx_word' id='word_1_257' title='bbox 1118 2973 1334 3037; x_wconf 86' lang='lat' dir='ltr'><strong>anima</strong></span> <span class='ocrx_word' id='word_1_258' title='bbox 1379 2976 1481 3054; x_wconf 89' lang='lat'><strong>24,</strong></span> <span class='ocrx_word' id='word_1_259' title='bbox 1527 2974 1860 3039; x_wconf 88' lang='lat' dir='ltr'><strong>enubilare</strong></span> <span class='ocrx_word' id='word_1_260' title='bbox 1902 2973 2045 3039; x_wconf 88' lang='lat' dir='ltr'><strong>adv.</strong></span> <span class='ocrx_word' id='word_1_261' title='bbox 2078 2974 2279 3038; x_wconf 90' lang='lat' dir='ltr'><strong>Marc.</strong></span> <span class='ocrx_word' id='word_1_262' title='bbox 2325 2978 2386 3054; x_wconf 87' lang='lat'><strong>4,</strong></span> <span class='ocrx_word' id='word_1_263' title='bbox 2435 2978 2536 3054; x_wconf 91' lang='grc'><strong>36,</strong></span> <span class='ocrx_word' id='word_1_264' title='bbox 2583 2972 2931 3038; x_wconf 86' lang='lat' dir='ltr'><strong>eradicare·</strong></span> 
     </span>
     <span class='ocr_line' id='line_1_27' title="bbox 481 3074 2910 3162; baseline 0 -24"><span class='ocrx_word' id='word_1_265' title='bbox 481 3075 649 3160; x_wconf 82' lang='lat' dir='ltr'><strong>apol.</strong></span> <span class='ocrx_word' id='word_1_266' title='bbox 704 3078 764 3156; x_wconf 92' lang='grc'><strong>9,</strong></span> <span class='ocrx_word' id='word_1_267' title='bbox 813 3074 894 3139; x_wconf 87' lang='grc'><strong>(16</strong></span> <span class='ocrx_word' id='word_1_268' title='bbox 936 3075 1148 3161; x_wconf 91' lang='lat' dir='ltr'><strong>pudic.</strong></span> <span class='ocrx_word' id='word_1_269' title='bbox 1202 3080 1310 3155; x_wconf 85' lang='lat'><strong>16,</strong></span> <span class='ocrx_word' id='word_1_270' title='bbox 1371 3076 1727 3141; x_wconf 87' lang='lat' dir='ltr'><strong>exodorare</strong></span> <span class='ocrx_word' id='word_1_271' title='bbox 1774 3077 1852 3141; x_wconf 92' lang='lat' dir='ltr'><strong>de</strong></span> <span class='ocrx_word' id='word_1_272' title='bbox 1896 3076 2049 3162; x_wconf 90' lang='lat' dir='ltr'><strong>pall.</strong></span> <span class='ocrx_word' id='word_1_273' title='bbox 2096 3080 2157 3157; x_wconf 91' lang='lat'><strong>4,</strong></span> <span class='ocrx_word' id='word_1_274' title='bbox 2214 3077 2363 3142; x_wconf 90' lang='lat' dir='ltr'><strong>alia.</strong></span> <span class='ocrx_word' id='word_1_275' title='bbox 2454 3074 2705 3141; x_wconf 63' lang='lat' dir='ltr'><strong>evilare</strong></span> <span class='ocrx_word' id='word_1_276' title='bbox 2763 3078 2910 3161; x_wconf 92' lang='lat' dir='ltr'><strong>(pro</strong></span> 
     </span>
     <span class='ocr_line' id='line_1_28' title="bbox 479 3163 2913 3264; baseline 0 -21"><span class='ocrx_word' id='word_1_277' title='bbox 479 3180 612 3243; x_wconf 89' lang='lat' dir='ltr'><strong>vita</strong></span> <span class='ocrx_word' id='word_1_278' title='bbox 653 3177 941 3264; x_wconf 89' lang='lat' dir='ltr'><strong>privare)</strong></span> <span class='ocrx_word' id='word_1_279' title='bbox 994 3184 1144 3243; x_wconf 91' lang='lat' dir='ltr'><strong>met.</strong></span> <span class='ocrx_word' id='word_1_280' title='bbox 1203 3185 1260 3259; x_wconf 92' lang='lat'><strong>3,</strong></span> <span class='ocrx_word' id='word_1_281' title='bbox 1305 3184 1364 3260; x_wconf 93' lang='grc'><strong>8,</strong></span> <span class='ocrx_word' id='word_1_282' title='bbox 1420 3179 1590 3243; x_wconf 84' lang='lat' dir='ltr'><strong>Enn.</strong></span> <span class='ocrx_word' id='word_1_283' title='bbox 1647 3186 1730 3244; x_wconf 88' lang='lat' dir='ltr'><strong>tr.</strong></span> <span class='ocrx_word' id='word_1_284' title='bbox 1780 3184 1880 3261; x_wconf 90' lang='lat'><strong>87,</strong></span> <span class='ocrx_word' id='word_1_285' title='bbox 1926 3180 2088 3245; x_wconf 89' lang='lat' dir='ltr'><strong>Acc.</strong></span> <span class='ocrx_word' id='word_1_286' title='bbox 2138 3163 2305 3259; x_wconf 59' lang='lat'><strong>3483‘</strong></span> <span class='ocrx_word' id='word_1_287' title='bbox 2353 3179 2432 3244; x_wconf 85' lang='lat' dir='ltr'><strong>cf.</strong></span> <span class='ocrx_word' id='word_1_288' title='bbox 2480 3178 2781 3244; x_wconf 91' lang='lat' dir='ltr'><strong>Hildebr.</strong></span> <span class='ocrx_word' id='word_1_289' title='bbox 2828 3177 2913 3243; x_wconf 85' lang='lat' dir='ltr'><strong>ad</strong></span> 
     </span>
     <span class='ocr_line' id='line_1_29' title="bbox 477 3280 2912 3365; baseline -0 -19"><span class='ocrx_word' id='word_1_290' title='bbox 477 3282 688 3346; x_wconf 93' lang='lat' dir='ltr'><strong>locum</strong></span> <span class='ocrx_word' id='word_1_291' title='bbox 729 3280 1191 3365; x_wconf 87' lang='lat' dir='ltr'><strong>Apuleiauum.</strong></span> <span class='ocrx_word' id='word_1_292' title='bbox 1283 3284 1763 3365; x_wconf 81' lang='lat' dir='ltr'><strong>exdors(u)are</strong></span> <span class='ocrx_word' id='word_1_293' title='bbox 1820 3283 1900 3347; x_wconf 91' lang='lat' dir='ltr'><strong>de</strong></span> <span class='ocrx_word' id='word_1_294' title='bbox 1944 3304 2112 3365; x_wconf 86' lang='lat' dir='ltr'><strong>mag.</strong></span> <span class='ocrx_word' id='word_1_295' title='bbox 2157 3286 2259 3363; x_wconf 89' lang='lat'><strong>42,</strong></span> <span class='ocrx_word' id='word_1_296' title='bbox 2314 3282 2533 3347; x_wconf 89' lang='lat' dir='ltr'><strong>Plaut.</strong></span> <span class='ocrx_word' id='word_1_297' title='bbox 2580 3282 2806 3348; x_wconf 89' lang='lat' dir='ltr'><strong>Aulul.</strong></span> <span class='ocrx_word' id='word_1_298' title='bbox 2855 3286 2912 3361; x_wconf 91' lang='lat'><strong>2,</strong></span> 
     </span>
     <span class='ocr_line' id='line_1_30' title="bbox 480 3384 2911 3467; baseline 0 -20"><span class='ocrx_word' id='word_1_299' title='bbox 480 3388 538 3466; x_wconf 92' lang='grc'><strong>9,</strong></span> <span class='ocrx_word' id='word_1_300' title='bbox 587 3390 646 3464; x_wconf 92' lang='grc'><strong>2,</strong></span> <span class='ocrx_word' id='word_1_301' title='bbox 678 3405 803 3448; x_wconf 88' lang='lat' dir='ltr'><strong>vox</strong></span> <span class='ocrx_word' id='word_1_302' title='bbox 845 3384 1150 3449; x_wconf 92' lang='lat' dir='ltr'><strong>culinaris</strong></span> <span class='ocrx_word' id='word_1_303' title='bbox 1195 3386 1361 3449; x_wconf 90' lang='lat' dir='ltr'><strong>sicut</strong></span> <span class='ocrx_word' id='word_1_304' title='bbox 1405 3387 1786 3450; x_wconf 87' lang='lat' dir='ltr'><strong>exinterare.</strong></span> <span class='ocrx_word' id='word_1_305' title='bbox 1863 3386 2220 3451; x_wconf 82' lang='lat' dir='ltr'><strong>exoculare</strong></span> <span class='ocrx_word' id='word_1_306' title='bbox 2266 3391 2418 3451; x_wconf 88' lang='lat' dir='ltr'><strong>met.</strong></span> <span class='ocrx_word' id='word_1_307' title='bbox 2452 3391 2511 3467; x_wconf 88' lang='lat'><strong>8,</strong></span> <span class='ocrx_word' id='word_1_308' title='bbox 2548 3390 2647 3466; x_wconf 91' lang='lat'><strong>13,</strong></span> <span class='ocrx_word' id='word_1_309' title='bbox 2693 3385 2911 3449; x_wconf 88' lang='lat' dir='ltr'><strong>Plaut.</strong></span> 
     </span>
     <span class='ocr_line' id='line_1_31' title="bbox 479 3486 2914 3573; baseline 0 -22"><span class='ocrx_word' id='word_1_310' title='bbox 479 3486 654 3551; x_wconf 89' lang='lat' dir='ltr'><strong>Rud.</strong></span> <span class='ocrx_word' id='word_1_311' title='bbox 699 3490 757 3568; x_wconf 93' lang='lat'><strong>3,</strong></span> <span class='ocrx_word' id='word_1_312' title='bbox 800 3490 866 3567; x_wconf 81' lang='lat'><strong>4,</strong></span> <span class='ocrx_word' id='word_1_313' title='bbox 909 3492 1010 3567; x_wconf 90' lang='grc'><strong>26,</strong></span> <span class='ocrx_word' id='word_1_314' title='bbox 1067 3487 1326 3553; x_wconf 87' lang='lat' dir='ltr'><strong>oculare</strong></span> <span class='ocrx_word' id='word_1_315' title='bbox 1382 3492 1446 3552; x_wconf 92' lang='lat' dir='ltr'><strong>et</strong></span> <span class='ocrx_word' id='word_1_316' title='bbox 1489 3488 1815 3553; x_wconf 88' lang='lat' dir='ltr'><strong>inoculare</strong></span> <span class='ocrx_word' id='word_1_317' title='bbox 1857 3488 2057 3573; x_wconf 90' lang='lat' dir='ltr'><strong>Apul.</strong></span> <span class='ocrx_word' id='word_1_318' title='bbox 2122 3488 2201 3553; x_wconf 93' lang='lat' dir='ltr'><strong>de</strong></span> <span class='ocrx_word' id='word_1_319' title='bbox 2246 3511 2413 3573; x_wconf 88' lang='lat' dir='ltr'><strong>mag.</strong></span> <span class='ocrx_word' id='word_1_320' title='bbox 2462 3494 2562 3571; x_wconf 93' lang='grc'><strong>63,</strong></span> <span class='ocrx_word' id='word_1_321' title='bbox 2608 3488 2787 3553; x_wconf 82' lang='lat' dir='ltr'><strong>Tert.</strong></span> <span class='ocrx_word' id='word_1_322' title='bbox 2834 3486 2914 3552; x_wconf 93' lang='lat' dir='ltr'><strong>de</strong></span> 
     </span>
     <span class='ocr_line' id='line_1_32' title="bbox 481 3576 2992 3677; baseline 0 -24"><span class='ocrx_word' id='word_1_323' title='bbox 481 3590 719 3673; x_wconf 89' lang='lat' dir='ltr'><strong>paenit.</strong></span> <span class='ocrx_word' id='word_1_324' title='bbox 767 3593 825 3669; x_wconf 92' lang='lat'><strong>2,</strong></span> <span class='ocrx_word' id='word_1_325' title='bbox 875 3587 954 3653; x_wconf 93' lang='lat' dir='ltr'><strong>de</strong></span> <span class='ocrx_word' id='word_1_326' title='bbox 985 3588 1198 3674; x_wconf 89' lang='lat' dir='ltr'><strong>pudic.</strong></span> <span class='ocrx_word' id='word_1_327' title='bbox 1243 3594 1303 3669; x_wconf 87' lang='grc'><strong>8,</strong></span> <span class='ocrx_word' id='word_1_328' title='bbox 1352 3590 1521 3674; x_wconf 89' lang='lat' dir='ltr'><strong>apol.</strong></span> <span class='ocrx_word' id='word_1_329' title='bbox 1569 3595 1670 3654; x_wconf 89' lang='lat'><strong>21.</strong></span> <span class='ocrx_word' id='word_1_330' title='bbox 1702 3628 1790 3637; x_wconf 84' lang='lat'><strong>—-</strong></span> <span class='ocrx_word' id='word_1_331' title='bbox 1834 3589 2108 3677; x_wconf 90' lang='lat' dir='ltr'><strong>denique</strong></span> <span class='ocrx_word' id='word_1_332' title='bbox 2151 3591 2314 3657; x_wconf 87' lang='lat' dir='ltr'><strong>haec</strong></span> <span class='ocrx_word' id='word_1_333' title='bbox 2356 3598 2507 3657; x_wconf 90' lang='lat' dir='ltr'><strong>sunt</strong></span> <span class='ocrx_word' id='word_1_334' title='bbox 2549 3589 2913 3656; x_wconf 87' lang='lat' dir='ltr'><strong>referenda:</strong></span> <span class='ocrx_word' id='word_1_335' title='bbox 2986 3576 2992 3581; x_wconf 41' lang='lat'>¹</span> 
     </span>
     <span class='ocr_line' id='line_1_33' title="bbox 483 3691 2915 3775; baseline 0 -19"><span class='ocrx_word' id='word_1_336' title='bbox 483 3693 825 3756; x_wconf 80' lang='lat' dir='ltr'><strong>adnutare</strong></span> <span class='ocrx_word' id='word_1_337' title='bbox 868 3696 1017 3755; x_wconf 90' lang='lat' dir='ltr'><strong>met.</strong></span> <span class='ocrx_word' id='word_1_338' title='bbox 1070 3695 1166 3771; x_wconf 88' lang='lat'><strong>10,</strong></span> <span class='ocrx_word' id='word_1_339' title='bbox 1215 3696 1318 3774; x_wconf 90' lang='lat'><strong>32,</strong></span> <span class='ocrx_word' id='word_1_340' title='bbox 1362 3691 1568 3757; x_wconf 87' lang='lat' dir='ltr'><strong>Naev.</strong></span> <span class='ocrx_word' id='word_1_341' title='bbox 1616 3715 1777 3759; x_wconf 93' lang='lat' dir='ltr'><strong>com.</strong></span> <span class='ocrx_word' id='word_1_342' title='bbox 1814 3699 1892 3758; x_wconf 88' lang='lat'><strong>76</strong></span> <span class='ocrx_word' id='word_1_343' title='bbox 1939 3700 2005 3759; x_wconf 90' lang='lat' dir='ltr'><strong>et</strong></span> <span class='ocrx_word' id='word_1_344' title='bbox 2053 3699 2193 3775; x_wconf 90' lang='lat'><strong>112,</strong></span> <span class='ocrx_word' id='word_1_345' title='bbox 2239 3694 2457 3759; x_wconf 89' lang='lat' dir='ltr'><strong>Plaut.</strong></span> <span class='ocrx_word' id='word_1_346' title='bbox 2503 3696 2700 3759; x_wconf 88' lang='lat' dir='ltr'><strong>Merc.</strong></span> <span class='ocrx_word' id='word_1_347' title='bbox 2748 3698 2807 3775; x_wconf 92' lang='lat'><strong>2,</strong></span> <span class='ocrx_word' id='word_1_348' title='bbox 2857 3698 2915 3774; x_wconf 94' lang='lat'><strong>3,</strong></span> 
     </span>
     <span class='ocr_line' id='line_1_34' title="bbox 484 3792 2917 3882; baseline 0.002 -26"><span class='ocrx_word' id='word_1_349' title='bbox 484 3798 585 3857; x_wconf 91' lang='grc'><strong>99.</strong></span> <span class='ocrx_word' id='word_1_350' title='bbox 674 3792 1006 3879; x_wconf 75' lang='lat' dir='ltr'><strong>loquitari</strong></span> <span class='ocrx_word' id='word_1_351' title='bbox 1039 3792 1179 3858; x_wconf 89' lang='lat' dir='ltr'><strong>flor.</strong></span> <span class='ocrx_word' id='word_1_352' title='bbox 1230 3800 1327 3875; x_wconf 91' lang='lat'><strong>15,</strong></span> <span class='ocrx_word' id='word_1_353' title='bbox 1389 3795 1608 3861; x_wconf 90' lang='lat' dir='ltr'><strong>Plaut.</strong></span> <span class='ocrx_word' id='word_1_354' title='bbox 1656 3797 1894 3861; x_wconf 92' lang='lat' dir='ltr'><strong>Bacch.</strong></span> <span class='ocrx_word' id='word_1_355' title='bbox 1940 3801 2002 3878; x_wconf 93' lang='lat'><strong>4,</strong></span> <span class='ocrx_word' id='word_1_356' title='bbox 2060 3803 2115 3877; x_wconf 90' lang='grc'><strong>7,</strong></span> <span class='ocrx_word' id='word_1_357' title='bbox 2165 3802 2235 3877; x_wconf 86' lang='grc'><strong>5;</strong></span> <span class='ocrx_word' id='word_1_358' title='bbox 2299 3798 2379 3862; x_wconf 84' lang='grc'><strong>(16</strong></span> <span class='ocrx_word' id='word_1_359' title='bbox 2425 3796 2917 3882; x_wconf 85' lang='lat' dir='ltr'><strong>frequentativis</strong></span> 
     </span>
     <span class='ocr_line' id='line_1_35' title="bbox 451 3895 2915 3981; baseline 0.002 -23"><span class='ocrx_word' id='word_1_360' title='bbox 451 3895 562 3959; x_wconf 85' lang='lat' dir='ltr'><strong>cf.</strong></span> <span class='ocrx_word' id='word_1_361' title='bbox 607 3916 672 3981; x_wconf 89' lang='lat' dir='ltr'><strong>p.</strong></span> <span class='ocrx_word' id='word_1_362' title='bbox 702 3899 806 3959; x_wconf 90' lang='lat'><strong>42.</strong></span> <span class='ocrx_word' id='word_1_363' title='bbox 875 3895 1227 3981; x_wconf 80' lang='lat' dir='ltr'><strong>auspicare</strong></span> <span class='ocrx_word' id='word_1_364' title='bbox 1267 3897 1407 3962; x_wconf 90' lang='lat' dir='ltr'><strong>flor.</strong></span> <span class='ocrx_word' id='word_1_365' title='bbox 1457 3903 1555 3979; x_wconf 85' lang='lat'><strong>16,</strong></span> <span class='ocrx_word' id='word_1_366' title='bbox 1600 3900 1819 3965; x_wconf 80' lang='lat' dir='ltr'><strong>Plaut.</strong></span> <span class='ocrx_word' id='word_1_367' title='bbox 1852 3901 2035 3965; x_wconf 89' lang='lat' dir='ltr'><strong>Pers.</strong></span> <span class='ocrx_word' id='word_1_368' title='bbox 2067 3904 2129 3981; x_wconf 90' lang='lat'><strong>4,</strong></span> <span class='ocrx_word' id='word_1_369' title='bbox 2176 3905 2234 3981; x_wconf 90' lang='lat'><strong>6,</strong></span> <span class='ocrx_word' id='word_1_370' title='bbox 2278 3905 2333 3963; x_wconf 94' lang='grc'><strong>7.</strong></span> <span class='ocrx_word' id='word_1_371' title='bbox 2401 3905 2719 3963; x_wconf 80' lang='lat' dir='ltr'><strong>cunctare</strong></span> <span class='ocrx_word' id='word_1_372' title='bbox 2749 3899 2915 3964; x_wconf 90' lang='lat' dir='ltr'><strong>ddeo</strong></span> 
     </span>
     <span class='ocr_line' id='line_1_36' title="bbox 485 3995 2916 4086; baseline 0 -21"><span class='ocrx_word' id='word_1_373' title='bbox 485 3996 623 4065; x_wconf 85' lang='lat' dir='ltr'><strong>Scr.</strong></span> <span class='ocrx_word' id='word_1_374' title='bbox 680 4002 737 4078; x_wconf 91' lang='lat'><strong>2,</strong></span> <span class='ocrx_word' id='word_1_375' title='bbox 788 3995 945 4062; x_wconf 91' lang='lat' dir='ltr'><strong>Acc.</strong></span> <span class='ocrx_word' id='word_1_376' title='bbox 994 4005 1075 4063; x_wconf 91' lang='lat' dir='ltr'><strong>tr.</strong></span> <span class='ocrx_word' id='word_1_377' title='bbox 1113 4003 1210 4065; x_wconf 91' lang='lat'><strong>72.</strong></span> <span class='ocrx_word' id='word_1_378' title='bbox 1287 3999 1622 4067; x_wconf 71' lang='lat' dir='ltr'><strong>incertam</strong></span> <span class='ocrx_word' id='word_1_379' title='bbox 1663 4008 1814 4067; x_wconf 89' lang='lat' dir='ltr'><strong>met.</strong></span> <span class='ocrx_word' id='word_1_380' title='bbox 1854 4007 1911 4084; x_wconf 89' lang='grc'><strong>5,</strong></span> <span class='ocrx_word' id='word_1_381' title='bbox 1961 4008 2071 4081; x_wconf 83' lang='lat'><strong>133</strong></span> <span class='ocrx_word' id='word_1_382' title='bbox 2122 4007 2220 4083; x_wconf 93' lang='grc'><strong>11,</strong></span> <span class='ocrx_word' id='word_1_383' title='bbox 2270 4007 2328 4083; x_wconf 93' lang='grc'><strong>6,</strong></span> <span class='ocrx_word' id='word_1_384' title='bbox 2373 4002 2593 4067; x_wconf 89' lang='lat' dir='ltr'><strong>Plaut.</strong></span> <span class='ocrx_word' id='word_1_385' title='bbox 2628 4001 2822 4086; x_wconf 80' lang='lat' dir='ltr'><strong>Epid.</strong></span> <span class='ocrx_word' id='word_1_386' title='bbox 2854 4005 2916 4084; x_wconf 96' lang='lat'><strong>4,</strong></span> 
     </span>
     <span class='ocr_line' id='line_1_37' title="bbox 493 4100 2917 4192; baseline 0.002 -29"><span class='ocrx_word' id='word_1_387' title='bbox 493 4104 548 4182; x_wconf 94' lang='lat' dir='ltr'><strong>l,</strong></span> <span class='ocrx_word' id='word_1_388' title='bbox 598 4105 698 4181; x_wconf 93' lang='lat'><strong>21,</strong></span> <span class='ocrx_word' id='word_1_389' title='bbox 744 4100 985 4165; x_wconf 88' lang='lat' dir='ltr'><strong>Pacuv.</strong></span> <span class='ocrx_word' id='word_1_390' title='bbox 1037 4107 1177 4167; x_wconf 85' lang='lat'><strong>150.</strong></span> <span class='ocrx_word' id='word_1_391' title='bbox 1267 4104 1663 4191; x_wconf 84' lang='lat' dir='ltr'><strong>causificari</strong></span> <span class='ocrx_word' id='word_1_392' title='bbox 1699 4106 1849 4192; x_wconf 88' lang='lat' dir='ltr'><strong>(pro</strong></span> <span class='ocrx_word' id='word_1_393' title='bbox 1894 4106 2177 4191; x_wconf 86' lang='lat' dir='ltr'><strong>causari)</strong></span> <span class='ocrx_word' id='word_1_394' title='bbox 2232 4110 2383 4171; x_wconf 90' lang='lat' dir='ltr'><strong>met.</strong></span> <span class='ocrx_word' id='word_1_395' title='bbox 2435 4111 2533 4185; x_wconf 88' lang='lat'><strong>10,</strong></span> <span class='ocrx_word' id='word_1_396' title='bbox 2583 4108 2639 4185; x_wconf 93' lang='grc'><strong>9,</strong></span> <span class='ocrx_word' id='word_1_397' title='bbox 2696 4103 2917 4170; x_wconf 87' lang='lat' dir='ltr'><strong>Plaut.</strong></span> 
     </span>
     <span class='ocr_line' id='line_1_38' title="bbox 483 4203 2918 4294; baseline 0.002 -28"><span class='ocrx_word' id='word_1_398' title='bbox 483 4203 710 4269; x_wconf 88' lang='lat' dir='ltr'><strong>Aulul.</strong></span> <span class='ocrx_word' id='word_1_399' title='bbox 758 4208 818 4285; x_wconf 90' lang='lat'><strong>4,</strong></span> <span class='ocrx_word' id='word_1_400' title='bbox 872 4208 971 4286; x_wconf 89' lang='grc'><strong>10,</strong></span> <span class='ocrx_word' id='word_1_401' title='bbox 1017 4209 1131 4283; x_wconf 86' lang='grc'><strong>29;</strong></span> <span class='ocrx_word' id='word_1_402' title='bbox 1192 4207 1429 4271; x_wconf 90' lang='lat' dir='ltr'><strong>similia</strong></span> <span class='ocrx_word' id='word_1_403' title='bbox 1474 4213 1625 4273; x_wconf 88' lang='lat' dir='ltr'><strong>sunt</strong></span> <span class='ocrx_word' id='word_1_404' title='bbox 1666 4208 2009 4273; x_wconf 87' lang='lat' dir='ltr'><strong>laetificari</strong></span> <span class='ocrx_word' id='word_1_405' title='bbox 2051 4229 2171 4294; x_wconf 91' lang='lat' dir='ltr'><strong>pro</strong></span> <span class='ocrx_word' id='word_1_406' title='bbox 2218 4208 2448 4273; x_wconf 89' lang='lat' dir='ltr'><strong>laetari</strong></span> <span class='ocrx_word' id='word_1_407' title='bbox 2491 4209 2560 4272; x_wconf 91' lang='lat' dir='ltr'><strong>in</strong></span> <span class='ocrx_word' id='word_1_408' title='bbox 2603 4207 2918 4273; x_wconf 88' lang='lat' dir='ltr'><strong>Passione</strong></span> 
     </span>
     <span class='ocr_line' id='line_1_39' title="bbox 485 4306 2922 4398; baseline 0.002 -29"><span class='ocrx_word' id='word_1_409' title='bbox 485 4312 733 4371; x_wconf 89' lang='lat' dir='ltr'><strong>storum</strong></span> <span class='ocrx_word' id='word_1_410' title='bbox 763 4306 921 4371; x_wconf 92' lang='grc' dir='ltr'><strong>ΙΙΠ</strong></span> <span class='ocrx_word' id='word_1_411' title='bbox 965 4313 1416 4373; x_wconf 88' lang='lat' dir='ltr'><strong>coronatorum</strong></span> <span class='ocrx_word' id='word_1_412' title='bbox 1450 4314 1504 4389; x_wconf 93' lang='lat'><strong>1,</strong></span> <span class='ocrx_word' id='word_1_413' title='bbox 1551 4309 1871 4376; x_wconf 87' lang='lat' dir='ltr'><strong>laetificus</strong></span> <span class='ocrx_word' id='word_1_414' title='bbox 1915 4310 2087 4375; x_wconf 90' lang='lat' dir='ltr'><strong>idem</strong></span> <span class='ocrx_word' id='word_1_415' title='bbox 2130 4316 2229 4375; x_wconf 92' lang='lat' dir='ltr'><strong>est</strong></span> <span class='ocrx_word' id='word_1_416' title='bbox 2275 4310 2450 4396; x_wconf 93' lang='lat' dir='ltr'><strong>quod</strong></span> <span class='ocrx_word' id='word_1_417' title='bbox 2491 4309 2700 4376; x_wconf 89' lang='lat' dir='ltr'><strong>laetus</strong></span> <span class='ocrx_word' id='word_1_418' title='bbox 2744 4310 2922 4398; x_wconf 89' lang='lat' dir='ltr'><strong>apud</strong></span> 
     </span>
     <span class='ocr_line' id='line_1_40' title="bbox 483 4408 2922 4494; baseline 0.002 -22"><span class='ocrx_word' id='word_1_419' title='bbox 483 4408 678 4472; x_wconf 91' lang='lat' dir='ltr'><strong>Lucr.</strong></span> <span class='ocrx_word' id='word_1_420' title='bbox 731 4414 798 4490; x_wconf 91' lang='grc'><strong>1,</strong></span> <span class='ocrx_word' id='word_1_421' title='bbox 851 4413 1000 4489; x_wconf 93' lang='grc'><strong>192,</strong></span> <span class='ocrx_word' id='word_1_422' title='bbox 1049 4410 1220 4475; x_wconf 89' lang='lat' dir='ltr'><strong>Iren.</strong></span> <span class='ocrx_word' id='word_1_423' title='bbox 1264 4414 1335 4493; x_wconf 91' lang='lat'><strong>4,</strong></span> <span class='ocrx_word' id='word_1_424' title='bbox 1385 4417 1496 4491; x_wconf 91' lang='lat'><strong>23,</strong></span> <span class='ocrx_word' id='word_1_425' title='bbox 1558 4412 1851 4478; x_wconf 82' lang='lat' dir='ltr'><strong>Cassiod.</strong></span> <span class='ocrx_word' id='word_1_426' title='bbox 1897 4414 2046 4477; x_wconf 90' lang='lat' dir='ltr'><strong>hist.</strong></span> <span class='ocrx_word' id='word_1_427' title='bbox 2100 4414 2249 4478; x_wconf 89' lang='lat' dir='ltr'><strong>eccl.</strong></span> <span class='ocrx_word' id='word_1_428' title='bbox 2302 4418 2368 4493; x_wconf 95' lang='grc'><strong>1,</strong></span> <span class='ocrx_word' id='word_1_429' title='bbox 2415 4418 2483 4494; x_wconf 95' lang='grc'><strong>8,</strong></span> <span class='ocrx_word' id='word_1_430' title='bbox 2544 4412 2922 4479; x_wconf 89' lang='lat' dir='ltr'><strong>mortificari</strong></span> 
     </span>
     <span class='ocr_line' id='line_1_41' title="bbox 485 4511 2918 4601; baseline 0.001 -25"><span class='ocrx_word' id='word_1_431' title='bbox 485 4511 658 4576; x_wconf 90' lang='lat' dir='ltr'><strong>Iren.</strong></span> <span class='ocrx_word' id='word_1_432' title='bbox 706 4517 763 4591; x_wconf 90' lang='lat'><strong>5,</strong></span> <span class='ocrx_word' id='word_1_433' title='bbox 813 4517 870 4594; x_wconf 89' lang='lat'><strong>7,</strong></span> <span class='ocrx_word' id='word_1_434' title='bbox 928 4513 1378 4579; x_wconf 86' lang='lat' dir='ltr'><strong>naturificatus</strong></span> <span class='ocrx_word' id='word_1_435' title='bbox 1436 4536 1556 4600; x_wconf 89' lang='lat' dir='ltr'><strong>pro</strong></span> <span class='ocrx_word' id='word_1_436' title='bbox 1617 4521 1809 4580; x_wconf 89' lang='lat' dir='ltr'><strong>natus</strong></span> <span class='ocrx_word' id='word_1_437' title='bbox 1868 4515 2043 4601; x_wconf 89' lang='lat' dir='ltr'><strong>apud</strong></span> <span class='ocrx_word' id='word_1_438' title='bbox 2090 4515 2269 4581; x_wconf 80' lang='lat' dir='ltr'><strong>Tert.</strong></span> <span class='ocrx_word' id='word_1_439' title='bbox 2328 4515 2473 4581; x_wconf 91' lang='lat' dir='ltr'><strong>adv.</strong></span> <span class='ocrx_word' id='word_1_440' title='bbox 2506 4517 2768 4584; x_wconf 88' lang='lat' dir='ltr'><strong>Valent.</strong></span> <span class='ocrx_word' id='word_1_441' title='bbox 2818 4520 2918 4580; x_wconf 92' lang='grc'><strong>29.</strong></span> 
     </span>
     <span class='ocr_line' id='line_1_42' title="bbox 485 4614 2904 4707; baseline 0.001 -28"><span class='ocrx_word' id='word_1_442' title='bbox 485 4614 852 4684; x_wconf 79' lang='lat' dir='ltr'><strong>detundere</strong></span> <span class='ocrx_word' id='word_1_443' title='bbox 892 4621 1044 4683; x_wconf 81' lang='lat' dir='ltr'><strong>met.</strong></span> <span class='ocrx_word' id='word_1_444' title='bbox 1080 4622 1138 4695; x_wconf 90' lang='lat'><strong>2,</strong></span> <span class='ocrx_word' id='word_1_445' title='bbox 1173 4621 1274 4699; x_wconf 88' lang='lat'><strong>32,</strong></span> <span class='ocrx_word' id='word_1_446' title='bbox 1319 4616 1527 4682; x_wconf 89' lang='lat' dir='ltr'><strong>Lucil.</strong></span> <span class='ocrx_word' id='word_1_447' title='bbox 1575 4624 1695 4683; x_wconf 90' lang='lat' dir='ltr'><strong>sat.</strong></span> <span class='ocrx_word' id='word_1_448' title='bbox 1729 4623 1832 4699; x_wconf 89' lang='lat'><strong>20,</strong></span> <span class='ocrx_word' id='word_1_449' title='bbox 1870 4624 1945 4683; x_wconf 90' lang='lat'><strong>12</strong></span> <span class='ocrx_word' id='word_1_450' title='bbox 1987 4620 2057 4683; x_wconf 88' lang='lat' dir='ltr'><strong>in</strong></span> <span class='ocrx_word' id='word_1_451' title='bbox 2101 4640 2289 4685; x_wconf 88' lang='lat' dir='ltr'><strong>versu</strong></span> <span class='ocrx_word' id='word_1_452' title='bbox 2330 4640 2598 4707; x_wconf 89' lang='lat' dir='ltr'><strong>prorsus</strong></span> <span class='ocrx_word' id='word_1_453' title='bbox 2640 4619 2904 4698; x_wconf 89' lang='lat' dir='ltr'><strong>incerto,</strong></span> 
     </span>
    </p>
   </div>
  </div>
 </body>
</html>
