<?xml version="1.0" encoding="UTF-8"?>
<!DOCTYPE html PUBLIC "-//W3C//DTD XHTML 1.0 Transitional//EN"
    "http://www.w3.org/TR/xhtml1/DTD/xhtml1-transitional.dtd">
<html xmlns="http://www.w3.org/1999/xhtml" xml:lang="en" lang="en">
 <head>
  <title>
</title>
<meta http-equiv="Content-Type" content="text/html;charset=utf-8" />
  <meta name='ocr-system' content='tesseract 3.04.00' />
  <meta name='ocr-capabilities' content='ocr_page ocr_carea ocr_par ocr_line ocrx_word'/>
</head>
<body>
  <div class='ocr_page' id='page_1' title='image "./curaeapuleianae01piecgoog_0057.png"; bbox 0 0 3481 5121; ppageno 0'>
   <div class='ocr_carea' id='block_1_1' title="bbox 1339 1087 2084 1201">
    <p class='ocr_par' dir='ltr' id='par_1_1' title="bbox 1339 1087 2084 1201">
     <span class='ocr_line' id='line_1_1' title="bbox 1339 1087 2084 1201; baseline 0.001 -2"><span class='ocrx_word' id='word_1_1' title='bbox 1339 1087 2084 1201; x_wconf 87' lang='lat' dir='ltr'>THESES</span> 
     </span>
    </p>
   </div>
   <div class='ocr_carea' id='block_1_2' title="bbox 551 1521 2947 3650">
    <p class='ocr_par' dir='ltr' id='par_1_2' title="bbox 561 1521 2947 1965">
     <span class='ocr_line' id='line_1_2' title="bbox 561 1521 2927 1608; baseline 0 -20"><span class='ocrx_word' id='word_1_2' title='bbox 561 1530 615 1588; x_wconf 90' lang='lat'><strong>1.</strong></span> <span class='ocrx_word' id='word_1_3' title='bbox 660 1525 1102 1607; x_wconf 82' lang='lat' dir='ltr'><strong>Argumenta,</strong></span> <span class='ocrx_word' id='word_1_4' title='bbox 1179 1522 1410 1605; x_wconf 90' lang='lat' dir='ltr'><strong>quibus</strong></span> <span class='ocrx_word' id='word_1_5' title='bbox 1489 1523 1817 1588; x_wconf 89' lang='lat' dir='ltr'><strong>Henricus</strong></span> <span class='ocrx_word' id='word_1_6' title='bbox 1885 1522 2137 1588; x_wconf 82' lang='lat' dir='ltr'>Becker</span> <span class='ocrx_word' id='word_1_7' title='bbox 2216 1521 2461 1608; x_wconf 89' lang='lat' dir='ltr'><strong>(studia</strong></span> <span class='ocrx_word' id='word_1_8' title='bbox 2534 1523 2927 1606; x_wconf 85' lang='lat' dir='ltr'><strong>Apuleiana.</strong></span> 
     </span>
     <span class='ocr_line' id='line_1_3' title="bbox 662 1642 2929 1728; baseline -0.001 -19"><span class='ocrx_word' id='word_1_9' title='bbox 662 1645 879 1710; x_wconf 88' lang='lat' dir='ltr'><strong>Berol.</strong></span> <span class='ocrx_word' id='word_1_10' title='bbox 929 1645 1092 1706; x_wconf 83' lang='lat'>1879</span> <span class='ocrx_word' id='word_1_11' title='bbox 1145 1664 1208 1726; x_wconf 88' lang='lat' dir='ltr'><strong>p.</strong></span> <span class='ocrx_word' id='word_1_12' title='bbox 1257 1642 1556 1728; x_wconf 78' lang='lat'>54—92)</span> <span class='ocrx_word' id='word_1_13' title='bbox 1613 1642 2153 1708; x_wconf 79' lang='lat' dir='ltr'><strong>demonstravisse</strong></span> <span class='ocrx_word' id='word_1_14' title='bbox 2210 1643 2333 1708; x_wconf 92' lang='lat' dir='ltr'><strong>sibi</strong></span> <span class='ocrx_word' id='word_1_15' title='bbox 2383 1644 2556 1707; x_wconf 86' lang='lat' dir='ltr'><strong>visus</strong></span> <span class='ocrx_word' id='word_1_16' title='bbox 2616 1651 2714 1708; x_wconf 92' lang='lat' dir='ltr'><strong>est</strong></span> <span class='ocrx_word' id='word_1_17' title='bbox 2774 1643 2929 1708; x_wconf 88' lang='lat' dir='ltr'><strong>libri</strong></span> 
     </span>
     <span class='ocr_line' id='line_1_4' title="bbox 631 1759 2921 1850; baseline -0 -22"><span class='ocrx_word' id='word_1_18' title='bbox 631 1761 816 1850; x_wconf 74' lang='grc' dir='ltr'><strong><em>’περὶ</em></strong></span> <span class='ocrx_word' id='word_1_19' title='bbox 865 1759 1109 1844; x_wconf 77' lang='grc' dir='ltr'><strong><em>κόσμου</em></strong></span> <span class='ocrx_word' id='word_1_20' title='bbox 1178 1764 1534 1829; x_wconf 86' lang='lat' dir='ltr'><strong>versionem</strong></span> <span class='ocrx_word' id='word_1_21' title='bbox 1602 1765 1877 1829; x_wconf 88' lang='lat' dir='ltr'><strong>latinam</strong></span> <span class='ocrx_word' id='word_1_22' title='bbox 1931 1763 2095 1829; x_wconf 86' lang='lat' dir='ltr'><strong>falso</strong></span> <span class='ocrx_word' id='word_1_23' title='bbox 2164 1764 2378 1828; x_wconf 90' lang='lat' dir='ltr'><strong>adhuc</strong></span> <span class='ocrx_word' id='word_1_24' title='bbox 2437 1762 2721 1847; x_wconf 92' lang='lat' dir='ltr'><strong>Apuleio</strong></span> <span class='ocrx_word' id='word_1_25' title='bbox 2783 1763 2921 1828; x_wconf 88' lang='lat' dir='ltr'><strong>Ma-</strong></span> 
     </span>
     <span class='ocr_line' id='line_1_5' title="bbox 659 1883 2947 1965; baseline 0 -18"><span class='ocrx_word' id='word_1_26' title='bbox 659 1884 963 1948; x_wconf 87' lang='lat' dir='ltr'><strong>daurensi</strong></span> <span class='ocrx_word' id='word_1_27' title='bbox 1008 1883 1397 1948; x_wconf 78' lang='lat' dir='ltr'><strong>attributam</strong></span> <span class='ocrx_word' id='word_1_28' title='bbox 1441 1905 1598 1965; x_wconf 83' lang='lat' dir='ltr'><strong>esse,</strong></span> <span class='ocrx_word' id='word_1_29' title='bbox 1644 1886 1831 1949; x_wconf 90' lang='lat' dir='ltr'><strong>nihili</strong></span> <span class='ocrx_word' id='word_1_30' title='bbox 1876 1891 2027 1950; x_wconf 90' lang='lat' dir='ltr'><strong>sunt</strong></span> <span class='ocrx_word' id='word_1_31' title='bbox 2072 1885 2307 1949; x_wconf 90' lang='lat' dir='ltr'><strong>omnia.</strong></span> <span class='ocrx_word' id='word_1_32' title='bbox 2942 1955 2947 1959; x_wconf 54' lang='grc'><strong>,</strong></span> 
     </span>
    </p>

    <p class='ocr_par' dir='ltr' id='par_1_3' title="bbox 559 2003 2927 2430">
     <span class='ocr_line' id='line_1_6' title="bbox 559 2003 2927 2089; baseline -0 -23"><span class='ocrx_word' id='word_1_33' title='bbox 559 2008 618 2066; x_wconf 79' lang='lat'><strong>2.</strong></span> <span class='ocrx_word' id='word_1_34' title='bbox 664 2004 911 2068; x_wconf 85' lang='lat' dir='ltr'><strong>Errant</strong></span> <span class='ocrx_word' id='word_1_35' title='bbox 963 2025 1108 2068; x_wconf 91' lang='lat' dir='ltr'><strong>cum</strong></span> <span class='ocrx_word' id='word_1_36' title='bbox 1161 2003 1440 2068; x_wconf 91' lang='lat' dir='ltr'><strong>Platone</strong></span> <span class='ocrx_word' id='word_1_37' title='bbox 1509 2003 1809 2089; x_wconf 82' lang='lat' dir='ltr'><strong>(Theaet.</strong></span> <span class='ocrx_word' id='word_1_38' title='bbox 1882 2027 1943 2089; x_wconf 89' lang='lat' dir='ltr'><strong>p.</strong></span> <span class='ocrx_word' id='word_1_39' title='bbox 2007 2009 2127 2068; x_wconf 81' lang='lat'><strong>152</strong></span> <span class='ocrx_word' id='word_1_40' title='bbox 2190 2003 2285 2089; x_wconf 94' lang='lat' dir='ltr'><strong>D)</strong></span> <span class='ocrx_word' id='word_1_41' title='bbox 2348 2003 2460 2085; x_wconf 91' lang='lat' dir='ltr'><strong>qui</strong></span> <span class='ocrx_word' id='word_1_42' title='bbox 2520 2003 2927 2085; x_wconf 86' lang='lat' dir='ltr'><strong>Protagorae</strong></span> 
     </span>
     <span class='ocr_line' id='line_1_7' title="bbox 661 2122 2926 2207; baseline 0 -22"><span class='ocrx_word' id='word_1_43' title='bbox 661 2122 1026 2188; x_wconf 83' lang='lat' dir='ltr'><strong>doctrinam</strong></span> <span class='ocrx_word' id='word_1_44' title='bbox 1070 2124 1150 2188; x_wconf 87' lang='lat' dir='ltr'><strong>de</strong></span> <span class='ocrx_word' id='word_1_45' title='bbox 1183 2125 1474 2188; x_wconf 89' lang='lat' dir='ltr'><strong>sensibus</strong></span> <span class='ocrx_word' id='word_1_46' title='bbox 1522 2131 1716 2207; x_wconf 89' lang='lat' dir='ltr'><strong>atque</strong></span> <span class='ocrx_word' id='word_1_47' title='bbox 1762 2123 1842 2188; x_wconf 92' lang='lat' dir='ltr'><strong>de</strong></span> <span class='ocrx_word' id='word_1_48' title='bbox 1887 2122 2206 2188; x_wconf 91' lang='lat' dir='ltr'><strong>sentiendi</strong></span> <span class='ocrx_word' id='word_1_49' title='bbox 2248 2125 2499 2188; x_wconf 87' lang='lat' dir='ltr'><strong>ratione</strong></span> <span class='ocrx_word' id='word_1_50' title='bbox 2546 2144 2625 2186; x_wconf 87' lang='lat' dir='ltr'><strong>ex</strong></span> <span class='ocrx_word' id='word_1_51' title='bbox 2667 2122 2926 2205; x_wconf 89' lang='lat' dir='ltr'><strong>placitis</strong></span> 
     </span>
     <span class='ocr_line' id='line_1_8' title="bbox 659 2242 2919 2328; baseline -0 -21"><span class='ocrx_word' id='word_1_52' title='bbox 659 2242 982 2308; x_wconf 82' lang='lat' dir='ltr'><strong>Heracliti</strong></span> <span class='ocrx_word' id='word_1_53' title='bbox 1025 2243 1106 2308; x_wconf 90' lang='lat' dir='ltr'><strong>de</strong></span> <span class='ocrx_word' id='word_1_54' title='bbox 1136 2252 1452 2328; x_wconf 89' lang='lat' dir='ltr'><strong>perpetua</strong></span> <span class='ocrx_word' id='word_1_55' title='bbox 1481 2245 1765 2308; x_wconf 91' lang='lat' dir='ltr'><strong>motione</strong></span> <span class='ocrx_word' id='word_1_56' title='bbox 1796 2249 1862 2308; x_wconf 90' lang='lat' dir='ltr'><strong>et</strong></span> <span class='ocrx_word' id='word_1_57' title='bbox 1890 2245 2250 2309; x_wconf 89' lang='lat' dir='ltr'><strong>mutatione</strong></span> <span class='ocrx_word' id='word_1_58' title='bbox 2279 2244 2594 2308; x_wconf 91' lang='lat' dir='ltr'><strong>materiae</strong></span> <span class='ocrx_word' id='word_1_59' title='bbox 2638 2243 2919 2327; x_wconf 90' lang='lat' dir='ltr'><strong>pendere</strong></span> 
     </span>
     <span class='ocr_line' id='line_1_9' title="bbox 662 2349 2318 2430; baseline -0.001 -2"><span class='ocrx_word' id='word_1_60' title='bbox 662 2365 1080 2430; x_wconf 89' lang='lat' dir='ltr'><strong>contendunt.</strong></span> <span class='ocrx_word' id='word_1_61' title='bbox 2314 2349 2318 2354; x_wconf 33' lang='lat'>¹</span> 
     </span>
    </p>

    <p class='ocr_par' dir='ltr' id='par_1_4' title="bbox 556 2481 2923 2932">
     <span class='ocr_line' id='line_1_10' title="bbox 556 2481 2918 2570; baseline -0.001 -21"><span class='ocrx_word' id='word_1_62' title='bbox 556 2489 613 2549; x_wconf 89' lang='lat'><strong>3.</strong></span> <span class='ocrx_word' id='word_1_63' title='bbox 660 2486 1028 2569; x_wconf 89' lang='lat' dir='ltr'><strong>Imperator</strong></span> <span class='ocrx_word' id='word_1_64' title='bbox 1080 2486 1168 2551; x_wconf 90' lang='lat' dir='ltr'><strong>M.</strong></span> <span class='ocrx_word' id='word_1_65' title='bbox 1225 2484 1598 2550; x_wconf 89' lang='lat' dir='ltr'><strong>Antoninus</strong></span> <span class='ocrx_word' id='word_1_66' title='bbox 1666 2483 1753 2549; x_wconf 92' lang='lat' dir='ltr'><strong>ad</strong></span> <span class='ocrx_word' id='word_1_67' title='bbox 1822 2505 1888 2548; x_wconf 92' lang='lat' dir='ltr'><strong>se</strong></span> <span class='ocrx_word' id='word_1_68' title='bbox 1956 2484 2170 2568; x_wconf 92' lang='lat' dir='ltr'><strong>ipsum</strong></span> <span class='ocrx_word' id='word_1_69' title='bbox 2220 2481 2331 2547; x_wconf 91' lang='lat' dir='ltr'><strong>lib.</strong></span> <span class='ocrx_word' id='word_1_70' title='bbox 2392 2482 2529 2552; x_wconf 88' lang='lat' dir='ltr'><strong>VII</strong></span> <span class='ocrx_word' id='word_1_71' title='bbox 2586 2481 2625 2570; x_wconf 67' lang='grc' dir='ltr'>ξ</span> <span class='ocrx_word' id='word_1_72' title='bbox 2684 2485 2761 2546; x_wconf 90' lang='grc'><strong>31</strong></span> <span class='ocrx_word' id='word_1_73' title='bbox 2826 2484 2918 2547; x_wconf 91' lang='lat' dir='ltr'><strong>sic</strong></span> 
     </span>
     <span class='ocr_line' id='line_1_11' title="bbox 659 2601 2923 2690; baseline -0 -20"><span class='ocrx_word' id='word_1_74' title='bbox 659 2606 915 2671; x_wconf 84' lang='lat' dir='ltr'><strong>videtur</strong></span> <span class='ocrx_word' id='word_1_75' title='bbox 987 2608 1348 2690; x_wconf 84' lang='lat' dir='ltr'><strong>scripsisse:</strong></span> <span class='ocrx_word' id='word_1_76' title='bbox 1434 2603 1695 2685; x_wconf 63' lang='lat' dir='ltr'><strong>„noina</strong></span> <span class='ocrx_word' id='word_1_77' title='bbox 1769 2602 2053 2687; x_wconf 81' lang='grc' dir='ltr'><strong><em>νομιστί,</em></strong></span> <span class='ocrx_word' id='word_1_78' title='bbox 2135 2602 2318 2668; x_wconf 77' lang='grc' dir='ltr'><strong><em>ἐπεὶ</em></strong></span> <span class='ocrx_word' id='word_1_79' title='bbox 2392 2601 2763 2685; x_wconf 77' lang='grc' dir='ltr'><em>δαιμόνια</em></span> <span class='ocrx_word' id='word_1_80' title='bbox 2836 2602 2923 2669; x_wconf 82' lang='grc' dir='ltr'><strong>τὰ</strong></span> 
     </span>
     <span class='ocr_line' id='line_1_12' title="bbox 658 2718 2919 2814; baseline -0.002 -23"><span class='ocrx_word' id='word_1_81' title='bbox 658 2729 970 2807; x_wconf 81' lang='grc' dir='ltr'><strong><em>στοιχεῖα·</em></strong></span> <span class='ocrx_word' id='word_1_82' title='bbox 1041 2720 1222 2812; x_wconf 77' lang='grc' dir='ltr'><em>ἀρκεῖ</em></span> <span class='ocrx_word' id='word_1_83' title='bbox 1289 2724 1361 2791; x_wconf 76' lang='grc' dir='ltr'><strong>δὲ</strong></span> <span class='ocrx_word' id='word_1_84' title='bbox 1413 2729 1811 2814; x_wconf 74' lang='grc' dir='ltr'><em>μεμνῆσθαι,</em></span> <span class='ocrx_word' id='word_1_85' title='bbox 1877 2723 1981 2791; x_wconf 77' lang='grc' dir='ltr'><strong>ὅτι</strong></span> <span class='ocrx_word' id='word_1_86' title='bbox 2040 2723 2125 2789; x_wconf 83' lang='grc' dir='ltr'><strong>τὰ</strong></span> <span class='ocrx_word' id='word_1_87' title='bbox 2182 2722 2403 2789; x_wconf 75' lang='grc' dir='ltr'><em>πάντα</em></span> <span class='ocrx_word' id='word_1_88' title='bbox 2462 2722 2715 2806; x_wconf 82' lang='grc' dir='ltr'><strong><em>νομιστὶ</em></strong></span> <span class='ocrx_word' id='word_1_89' title='bbox 2772 2718 2919 2804; x_wconf 49' lang='lat' dir='ltr'><strong>Qec,</strong></span> 
     </span>
     <span class='ocr_line' id='line_1_13' title="bbox 657 2824 1332 2932; baseline 0.003 -21"><span class='ocrx_word' id='word_1_90' title='bbox 657 2845 845 2932; x_wconf 76' lang='grc' dir='ltr'><strong>μηδὲ</strong></span> <span class='ocrx_word' id='word_1_91' title='bbox 901 2843 1044 2911; x_wconf 82' lang='grc' dir='ltr'><strong><em>λίαν</em></strong></span> <span class='ocrx_word' id='word_1_92' title='bbox 1087 2824 1332 2931; x_wconf 42' lang='grc' dir='ltr'><strong>ὀλίγαῆ(</strong></span> 
     </span>
    </p>

    <p class='ocr_par' dir='ltr' id='par_1_5' title="bbox 552 2958 2919 3049">
     <span class='ocr_line' id='line_1_14' title="bbox 552 2958 2919 3049; baseline 0 -23"><span class='ocrx_word' id='word_1_93' title='bbox 552 2966 612 3027; x_wconf 88' lang='grc'><strong>4.</strong></span> <span class='ocrx_word' id='word_1_94' title='bbox 659 2966 864 3049; x_wconf 87' lang='lat' dir='ltr'><strong>Apud</strong></span> <span class='ocrx_word' id='word_1_95' title='bbox 916 2966 1228 3033; x_wconf 82' lang='lat' dir='ltr'><strong>Senecam</strong></span> <span class='ocrx_word' id='word_1_96' title='bbox 1270 2958 1532 3049; x_wconf 71' lang='lat' dir='ltr'><strong>quaest.</strong></span> <span class='ocrx_word' id='word_1_97' title='bbox 1566 2972 1699 3031; x_wconf 91' lang='lat' dir='ltr'><strong>nat.</strong></span> <span class='ocrx_word' id='word_1_98' title='bbox 1746 2966 1853 3047; x_wconf 86' lang='lat'><strong>11,</strong></span> <span class='ocrx_word' id='word_1_99' title='bbox 1902 2972 2015 3047; x_wconf 80' lang='lat'><strong>27,</strong></span> <span class='ocrx_word' id='word_1_100' title='bbox 2074 2970 2109 3028; x_wconf 88' lang='grc'><strong>3</strong></span> <span class='ocrx_word' id='word_1_101' title='bbox 2166 2965 2371 3048; x_wconf 89' lang='lat' dir='ltr'><strong>legas:</strong></span> <span class='ocrx_word' id='word_1_102' title='bbox 2441 2962 2659 3045; x_wconf 87' lang='lat' dir='ltr'><strong>„aliud</strong></span> <span class='ocrx_word' id='word_1_103' title='bbox 2719 2984 2919 3045; x_wconf 89' lang='lat' dir='ltr'><strong>genus</strong></span> 
     </span>
    </p>

    <p class='ocr_par' dir='ltr' id='par_1_6' title="bbox 557 3085 2921 3287">
     <span class='ocr_line' id='line_1_15' title="bbox 557 3085 2921 3169; baseline -0 -21"><span class='ocrx_word' id='word_1_104' title='bbox 557 3156 560 3159; x_wconf 72' lang='lat'><strong>.</strong></span> <span class='ocrx_word' id='word_1_105' title='bbox 660 3091 760 3149; x_wconf 92' lang='lat' dir='ltr'><strong>est</strong></span> <span class='ocrx_word' id='word_1_106' title='bbox 837 3107 984 3150; x_wconf 88' lang='lat' dir='ltr'><strong>acre</strong></span> <span class='ocrx_word' id='word_1_107' title='bbox 1065 3085 1239 3168; x_wconf 89' lang='lat' dir='ltr'><strong>quod</strong></span> <span class='ocrx_word' id='word_1_108' title='bbox 1319 3085 1626 3149; x_wconf 89' lang='lat' dir='ltr'><strong>acerbum</strong></span> <span class='ocrx_word' id='word_1_109' title='bbox 1700 3107 1886 3169; x_wconf 89' lang='lat' dir='ltr'><strong>mage</strong></span> <span class='ocrx_word' id='word_1_110' title='bbox 1969 3086 2240 3150; x_wconf 88' lang='lat' dir='ltr'><strong>dixerim</strong></span> <span class='ocrx_word' id='word_1_111' title='bbox 2320 3106 2517 3168; x_wconf 90' lang='lat' dir='ltr'><strong>quam</strong></span> <span class='ocrx_word' id='word_1_112' title='bbox 2597 3105 2921 3166; x_wconf 85' lang='lat' dir='ltr'><strong>sonorum,</strong></span> 
     </span>
     <span class='ocr_line' id='line_1_16' title="bbox 661 3199 2693 3287; baseline 0 -19"><span class='ocrx_word' id='word_1_113' title='bbox 661 3206 918 3287; x_wconf 88' lang='lat' dir='ltr'><strong>qualem</strong></span> <span class='ocrx_word' id='word_1_114' title='bbox 961 3205 1187 3271; x_wconf 87' lang='lat' dir='ltr'><strong>audire</strong></span> <span class='ocrx_word' id='word_1_115' title='bbox 1232 3223 1440 3273; x_wconf 81' lang='lat' dir='ltr'><strong>sonum</strong></span> <span class='ocrx_word' id='word_1_116' title='bbox 1489 3205 1766 3270; x_wconf 91' lang='lat' dir='ltr'><strong>solemus</strong></span> <span class='ocrx_word' id='word_1_117' title='bbox 1810 3212 1971 3270; x_wconf 89' lang='lat' dir='ltr'><strong>cet.“</strong></span> <span class='ocrx_word' id='word_1_118' title='bbox 2687 3199 2693 3206; x_wconf 76' lang='grc'><strong>’</strong></span> 
     </span>
    </p>

    <p class='ocr_par' dir='ltr' id='par_1_7' title="bbox 551 3324 2925 3650">
     <span class='ocr_line' id='line_1_17' title="bbox 551 3324 2925 3411; baseline -0 -24"><span class='ocrx_word' id='word_1_119' title='bbox 551 3328 608 3387; x_wconf 85' lang='grc'><strong>5.</strong></span> <span class='ocrx_word' id='word_1_120' title='bbox 655 3324 1026 3390; x_wconf 88' lang='lat' dir='ltr'><strong>Ammianei</strong></span> <span class='ocrx_word' id='word_1_121' title='bbox 1068 3325 1304 3390; x_wconf 89' lang='lat' dir='ltr'><strong>codicis</strong></span> <span class='ocrx_word' id='word_1_122' title='bbox 1351 3326 1413 3393; x_wconf 93' lang='lat' dir='ltr'><strong>V</strong></span> <span class='ocrx_word' id='word_1_123' title='bbox 1458 3326 1568 3390; x_wconf 86' lang='lat' dir='ltr'><strong>lib.</strong></span> <span class='ocrx_word' id='word_1_124' title='bbox 1617 3325 1759 3392; x_wconf 93' lang='lat' dir='ltr'><strong>XV</strong></span> <span class='ocrx_word' id='word_1_125' title='bbox 1804 3347 1855 3389; x_wconf 94' lang='lat' dir='ltr'><strong>c.</strong></span> <span class='ocrx_word' id='word_1_126' title='bbox 1901 3329 1945 3389; x_wconf 90' lang='lat'>4</span> <span class='ocrx_word' id='word_1_127' title='bbox 1989 3325 2079 3411; x_wconf 91' lang='lat' dir='ltr'><strong>(p.</strong></span> <span class='ocrx_word' id='word_1_128' title='bbox 2127 3330 2250 3389; x_wconf 82' lang='lat'><strong>329</strong></span> <span class='ocrx_word' id='word_1_129' title='bbox 2297 3324 2395 3389; x_wconf 92' lang='lat' dir='ltr'><strong>ed.</strong></span> <span class='ocrx_word' id='word_1_130' title='bbox 2436 3324 2784 3408; x_wconf 85' lang='lat' dir='ltr'><strong>Eyssenh.)</strong></span> <span class='ocrx_word' id='word_1_131' title='bbox 2830 3324 2925 3386; x_wconf 90' lang='lat' dir='ltr'><strong>in-</strong></span> 
     </span>
     <span class='ocr_line' id='line_1_18' title="bbox 660 3444 2923 3530; baseline -0.001 -21"><span class='ocrx_word' id='word_1_132' title='bbox 660 3451 848 3529; x_wconf 90' lang='lat' dir='ltr'><strong>tegra</strong></span> <span class='ocrx_word' id='word_1_133' title='bbox 911 3452 1011 3510; x_wconf 93' lang='lat' dir='ltr'><strong>est</strong></span> <span class='ocrx_word' id='word_1_134' title='bbox 1072 3446 1264 3511; x_wconf 90' lang='lat' dir='ltr'><strong>lectio</strong></span> <span class='ocrx_word' id='word_1_135' title='bbox 1339 3452 1447 3528; x_wconf 89' lang='lat' dir='ltr'><strong>„at</strong></span> <span class='ocrx_word' id='word_1_136' title='bbox 1516 3447 1582 3511; x_wconf 90' lang='lat' dir='ltr'><strong>in</strong></span> <span class='ocrx_word' id='word_1_137' title='bbox 1651 3444 1888 3512; x_wconf 78' lang='lat' dir='ltr'><strong>Galliis</strong></span> <span class='ocrx_word' id='word_1_138' title='bbox 1950 3448 2247 3511; x_wconf 79' lang='lat' dir='ltr'><strong>fervorum</strong></span> <span class='ocrx_word' id='word_1_139' title='bbox 2316 3444 2485 3530; x_wconf 91' lang='lat' dir='ltr'><strong>(cod.</strong></span> <span class='ocrx_word' id='word_1_140' title='bbox 2546 3444 2923 3528; x_wconf 89' lang='lat' dir='ltr'><strong>ueruorum)</strong></span> 
     </span>
     <span class='ocr_line' id='line_1_19' title="bbox 660 3564 2408 3650; baseline -0.001 -20"><span class='ocrx_word' id='word_1_141' title='bbox 660 3571 884 3632; x_wconf 89' lang='lat' dir='ltr'><strong>tenore</strong></span> <span class='ocrx_word' id='word_1_142' title='bbox 930 3568 1279 3650; x_wconf 87' lang='lat' dir='ltr'><strong>gliscente“</strong></span> <span class='ocrx_word' id='word_1_143' title='bbox 1327 3589 1446 3632; x_wconf 90' lang='lat' dir='ltr'><strong>nec</strong></span> <span class='ocrx_word' id='word_1_144' title='bbox 1489 3566 1802 3631; x_wconf 90' lang='lat' dir='ltr'><strong>mutanda</strong></span> <span class='ocrx_word' id='word_1_145' title='bbox 1844 3567 1912 3630; x_wconf 91' lang='lat' dir='ltr'><strong>in</strong></span> <span class='ocrx_word' id='word_1_146' title='bbox 1957 3566 2355 3630; x_wconf 89' lang='lat' dir='ltr'><strong>bellorum.</strong></span> <span class='ocrx_word' id='word_1_147' title='bbox 2396 3564 2408 3575; x_wconf 83' lang='grc'><strong><em>’</em></strong></span> 
     </span>
    </p>
   </div>
   <div class='ocr_carea' id='block_1_3' title="bbox 1499 4064 1903 4079">
    <p class='ocr_par' dir='ltr' id='par_1_8' title="bbox 1499 4064 1903 4079">
     <span class='ocr_line' id='line_1_20' title="bbox 1499 4064 1903 4079; baseline -0.007 0"><span class='ocrx_word' id='word_1_148' title='bbox 1499 4066 1584 4079; x_wconf 66' lang='lat' dir='ltr'><strong>&#39;W</strong></span> <span class='ocrx_word' id='word_1_149' title='bbox 1591 4064 1903 4079; x_wconf 63' lang='lat' dir='ltr'>VV⁴WWW</span> 
     </span>
    </p>
   </div>
  </div>
 </body>
</html>
