3481 5121
285 4130 338 4155 ἢ

1659 296 1860 357 41’

498 500 559 575 4,
607 489 666 575 6,
714 516 1140 588 (ιυειᾳηᾶιρω
1183 519 1447 585 quoquo
1495 507 1592 565 est
1636 500 1867 568 Plauti
1911 502 2077 585 (Mil.
2132 505 2191 581 2,
2219 560 2224 566 .
2257 504 2312 578 1.
2375 498 2483 583 14)
2531 504 2596 562 et
2642 496 2936 563 Suetonii

500 597 658 683 (Tit.
705 599 804 685 5);
853 621 1332 685 quaquaversus
1379 611 1475 669 est
1522 606 1718 669 etiam
1764 604 1938 691 apud
1972 602 2267 669 Cassiod.
2312 603 2379 666 in
2415 601 2646 687 psalm.
2685 605 2825 682 118,
2872 605 2933 680 8,

495 701 798 766 Vincent.
843 702 1062 766 Lerin.
1111 725 1423 771 common.
1473 712 1530 788 6,
1581 708 1735 772 Isid.
1788 709 1946 790 orig.
1986 711 2081 787 15,
2119 712 2215 783 16,
2263 711 2323 770 8.
2402 704 2935 790 utrimquesecus

494 803 696 889 Apul.
742 809 893 868 met.
935 811 992 886 2,
1036 810 1096 886 4,
1146 805 1311 871 Cato
1353 830 1405 871 r.
1451 831 1502 872 r.
1551 815 1653 890 21,
1699 811 1911 875 Lucil.
1953 816 2063 891 22,
2103 816 2162 890 9,
2208 810 2403 874 Lucr.
2435 813 2496 888 4,
2546 811 2691 888 939,
2739 805 2929 872 Ovid.

495 913 647 972 met.
696 911 754 987 5,
797 909 902 986 40,
948 905 1151 973 Solin.
1190 914 1286 991 10,
1335 915 1444 988 20;
1494 916 1593 993 27,
1643 918 1744 993 29,
1792 914 1946 978 Itin.
1991 914 2076 979 A.
2122 914 2212 979 M.
2261 919 2361 994 77,
2407 911 2625 976 Amm.
2673 915 2775 991 21,
2827 914 2926 1006 12,

498 1015 564 1088 93
613 1014 714 1091 29,
766 1015 820 1089 1,
864 1013 926 1074 4.
993 1009 1240 1075 exinde
1285 1011 1434 1098 (pro
1481 1035 1559 1080 ex
1600 1015 1714 1080 illo
1760 1016 2081 1102 tempore)
2127 1023 2276 1081 met.
2319 1022 2377 1095 2,
2431 1019 2529 1095 13,
2576 1013 2721 1078 aliis
2774 1013 2934 1078 10018

495 1113 664 1178 Eun.
715 1113 893 1199 apud
938 1112 1071 1178 Cic.
1119 1113 1198 1178 de
1254 1114 1378 1179 div.
1428 1120 1482 1192 1,
1528 1121 1630 1197 48,
1685 1123 1826 1199 108,
1859 1119 2057 1203 Verg.
2105 1121 2274 1184 Aen.
2320 1124 2379 1198 6,
2430 1120 2572 1197 743,
2625 1115 2801 1180 Tert.
2850 1114 2936 1179 ad

499 1222 631 1280 nat.
680 1222 739 1297 2,
788 1220 884 1295 13,
934 1216 1013 1280 de
1059 1217 1276 1281 anima
1321 1222 1422 1298 27,
1469 1219 1612 1284 adv.
1645 1220 1847 1285 Marc.
1884 1227 1942 1302 2,
1991 1227 2060 1301 33
2109 1228 2168 1302 2,
2222 1225 2317 1303 12,
2366 1220 2563 1304 Gypr.
2608 1240 2707 1304 ep.
2741 1221 2841 1296 30,
2877 1223 2936 1297 2,

501 1325 750 1404 quaest.
791 1340 1059 1402 gramm.
1106 1319 1248 1384 cod.
1280 1321 1476 1385 Bern.
1510 1326 1592 1386 83
1639 1343 1701 1407 p.
1742 1327 1883 1404 188,
1932 1325 2186 1389 anecdt.
2220 1324 2499 1405 Hageni,
2546 1322 2660 1387 ubi
2704 1320 2934 1385 exinde

503 1423 596 1486 sic
637 1422 1032 1487 illustratur:
1094 1423 1366 1504 „deinde
1412 1426 1513 1488 vel
1569 1447 1648 1489 ex
1689 1426 1803 1490 illo
1847 1434 2137 1514 tempore
2178 1428 2281 1492 vel
2323 1426 2527 1503 loco“,
2586 1423 2666 1490 cf.
2714 1421 2936 1488 Hand.

506 1525 780 1590 Tursell.
841 1530 899 1607 2,
960 1529 1104 1589 665.
1193 1527 1512 1612 quippini
1559 1535 1709 1593 met.
1772 1533 1830 1608 9,
1892 1534 1993 1606 26,
2056 1531 2273 1595 Plaut.
2329 1527 2570 1592 Bacch.
2617 1531 2679 1607 4,
2731 1531 2787 1606 7,
2835 1530 2939 1604 41,

502 1628 674 1694 Men.
735 1633 792 1708 5,
855 1634 912 1707 5,
968 1632 1071 1708 45,
1119 1629 1296 1694 Itala
1339 1629 1501 1695 Luc.
1558 1635 1654 1711 11,
1704 1636 1783 1695 21
1838 1632 2005 1715 (cod.
2054 1621 2351 1717 Amiat.).
2440 1627 2941 1716 praepositionis

501 1754 666 1818 erga
712 1732 1099 1814 significatio
1153 1726 1378 1797 localis
1436 1734 1545 1819 (cf.
1595 1735 1815 1799 Plaut.
1866 1735 2060 1800 Truc.
2106 1742 2165 1815 2,
2210 1739 2271 1814 4,
2322 1732 2432 1818 55)
2478 1733 2610 1797 iam
2670 1730 2939 1814 antiquo

501 1842 794 1920 tempore
837 1834 1227 1899 absolevisse
1258 1836 1395 1899 visa
1439 1843 1537 1900 est
1565 1837 2093 1902 Kretschmanno
2139 1859 2199 1922 p.
2238 1841 2393 1915 116;
2440 1837 2533 1900 810
2580 1855 2723 1898 eam
2752 1855 2936 1897 usur-

502 1940 684 2025 pavit
714 1939 913 2024 Apul.
949 1937 1164 2020 ddgm.
1197 1937 1368 2002 Plat.
1408 1943 1462 2018 1,
1501 1943 1577 2003 13
1611 1940 1729 2004 sub
1762 1939 1869 2004 fin.
1943 1941 2196 2022 egregie
2228 1939 2309 2003 de
2338 1939 2463 2003 hoc
2492 1959 2613 2002 usu
2644 1936 2942 2001 vocabuli

506 2043 809 2106 disseruit
844 2040 1066 2107 Ottius
1097 2040 1139 2105 1.
1175 2063 1226 2105 0.
1259 2063 1322 2127 p.
1354 2047 1479 2106 849
1501 2047 1740 2123 -855,
1790 2044 1901 2127 qui
1944 2043 2341 2125 argumentis
2385 2040 2730 2106 stabilibus
2776 2061 2942 2106 com-

505 2145 808 2229 probavit
851 2145 1024 2210 hunc
1054 2147 1263 2231 ipsum
1302 2166 1486 2209 usum
1518 2145 1877 2230 priscorum
1908 2147 2245 2231 proprium
2275 2145 2552 2227 viguisse
2581 2145 2647 2208 in
2680 2163 2943 2207 consue-

503 2248 730 2313 tudine
774 2247 1024 2331 vulgari
1070 2270 1164 2327 eo,
1212 2269 1340 2332 quo
1373 2247 1694 2332 Apuleius
1738 2248 1942 2313 libros
1988 2249 2247 2334 scripsit
2278 2253 2586 2332 tempore.
2655 2252 2943 2311 veterum

503 2352 888 2415 testimoniis
957 2373 1123 2437 quae
1183 2350 1404 2417 Ottius
1471 2350 1729 2432 collegit
1785 2352 1955 2417 addo
2011 2357 2349 2416 comment.
2409 2347 2821 2415 Einsidlense
2878 2347 2945 2411 in

505 2452 752 2516 Donati
796 2459 1003 2518 artem
1048 2455 1360 2518 minorem
1405 2476 1466 2540 p.
1516 2458 1641 2516 214
1684 2454 1938 2518 anecdt.
1984 2455 2273 2538 Hageni:
2337 2454 2615 2534 „circum
2661 2455 2725 2514 et
2769 2450 2943 2514 circa

505 2560 572 2621 et
615 2577 770 2639 erga
814 2556 987 2624 idem
1030 2563 1242 2638 sunt“,
1287 2555 1367 2621 cf.
1416 2557 1571 2621 ibid.
1618 2578 1678 2642 p.
1727 2562 1872 2621 201.

674 2660 780 2724 Ex
844 2682 1113 2725 numero
1172 2662 1542 2741 verborum,
1621 2660 1705 2725 ad
1776 2680 1942 2744 quae
2011 2661 2140 2725 iam
2205 2659 2747 2746 progreniendum
2827 2661 2944 2735 est,

455 2784 464 2793 ·
504 2763 782 2847 primum
826 2762 1068 2829 referre
1108 2764 1324 2849 placet
1369 2785 1535 2849 quae
1581 2768 1646 2828 et
1689 2762 2075 2828 formatione
2123 2770 2187 2829 et
2231 2762 2698 2847 significatione
2742 2759 2944 2823 mani-

506 2863 671 2929 festo
733 2864 1038 2931 exhibent
1095 2867 1374 2952 speciem
1429 2867 1791 2949 vulgarem,
1861 2872 1933 2930 ut
1982 2866 2294 2952 liquidem
2348 2866 2461 2929 sit·
2490 2885 2567 2929 ex
2625 2862 2948 2928 communi

509 2989 686 3033 more
715 2967 1022 3052 loquendi
1065 2989 1143 3032 ea
1189 2989 1326 3033 esse
1359 2969 1763 3055 deprompta.
1840 2968 2261 3054 ablzgrurrz're
2302 2974 2451 3031 met.
2493 2971 2590 3048 10,
2628 2970 2727 3046 14,
2773 2964 2947 3029 Enn.

508 3076 628 3134 sat.
678 3074 759 3134 29
801 3069 1162 3156 (Vahlen),
1212 3070 1359 3136 Ter.
1408 3072 1578 3135 Eun.
1613 3076 1671 3152 2,
1721 3077 1781 3154 2,
1825 3076 1886 3155 4,
1933 3071 2112 3138 Suet.
2147 3092 2415 3154 gramm.
2449 3074 2549 3148 23,
2598 3068 2849 3133 Arnob.
2888 3072 2945 3148 7,

511 3177 568 3252 3,
618 3170 923 3238 AmbrOS.
970 3194 1069 3258 ep.
1101 3178 1205 3254 42,
1253 3172 1470 3260 Capit.
1503 3175 1701 3239 Macr.
1751 3180 1827 3239 15
1876 3173 2311 3257 abligurriti03
2356 3171 2483 3235 Iul.
2518 3170 2737 3237 Valer.
2774 3175 2830 3252 1,
2864 3176 2945 3234 26

509 3276 911 3359 obligurrire.
986 3275 1340 3341 sorbillare
1381 3284 1531 3342 met.
1580 3282 1638 3357 2,
1690 3283 1798 3357 16;
1848 3282 1906 3359 3,
1960 3282 2057 3356 14,
2107 3276 2256 3341 Ter.
2289 3274 2575 3361 Adelph.
2620 3278 2682 3355 4,
2733 3280 2791 3354 2,
2840 3278 2943 3338 52.

510 3378 952 3444 tuburcz'nare
1009 3386 1157 3445 met.
1205 3384 1271 3461 6,
1321 3385 1433 3459 25,
1498 3382 1724 3445 comici
1781 3380 1991 3445 forma
2034 3379 2293 3444 mediali
2354 3378 2706 3443 utebantur
2751 3377 2948 3441 veluti

508 3482 729 3546 Plaut.
772 3482 954 3547 Ρο18.
1008 3488 1062 3563 1,
1110 3487 1169 3564 3,
1215 3488 1319 3548 42.
1410 3485 1747 3549 blaterare
1800 3489 1951 3547 met.
1998 3488 2058 3565 4,
2106 3487 2206 3564 24,
2272 3481 2511 3547 ancil.
2561 3485 2662 3561 66,
2709 3478 2945 3545 Afran.

518 3589 655 3663 195,
699 3585 860 3650 Hor.
919 3592 1040 3651 sat.
1088 3592 1146 3668 2,
1196 3592 1252 3667 7,
1304 3591 1402 3666 35,
1463 3585 1632 3652 Gell.
1687 3592 1742 3666 1,
1795 3591 1893 3669 15,
1944 3592 2053 3663 173
2115 3585 2337 3677 Sidon.
2393 3606 2493 3670 ep.
2538 3588 2596 3664 9,
2649 3588 2717 3647 11
2783 3589 2945 3648 extr.

511 3686 888 3753 blateratus,
947 3690 1252 3775 groccz're
1295 3690 1482 3754 dde0.
1517 3690 1654 3756 Scr.
1700 3690 1863 3772 prol.
1911 3696 2094 3770 extr.,
2141 3688 2360 3753 Plaut.
2406 3687 2630 3751 Aulul.
2677 3690 2737 3767 4,
2786 3691 2843 3766 2,
2889 3689 2948 3768 3,

511 3790 772 3871 crocire,
818 3792 956 3856 ital.
1003 3794 1335 3857 crocitare.
1428 3792 1846 3857 hirundinum
1892 3813 2013 3857 vox
2074 3792 2471 3857 assimilatur
2516 3790 2712 3855 verbo
2747 3788 2951 3875 frin-

502 3892 770 3977 gullz're
838 3894 978 3959 flor.
1042 3901 1150 3975 17,
1223 3895 1501 3979 figurate
1569 3896 1766 3959 etiam
1834 3895 1913 3960 de
1982 3895 2346 3961 hominibus
2412 3899 2764 3978 usurpatur
2832 3892 2954 3976 (sic

510 3996 705 4061 etiam
747 3993 1173 4083 χελιδονίζειν)
1221 3998 1300 4063 (10
1347 4020 1514 4081 mag.
1565 4003 1677 4076 98,
1739 3996 1957 4065 Varro
2002 3999 2044 4062 1.
2085 3999 2127 4062 1.
2179 4003 2234 4077 7,
2285 4001 2343 4078 5,
2395 4000 2536 4076 100,
2585 3995 2806 4062 Sidon.
2851 4014 2950 4080 ep.

515 4105 570 4178 7,
621 4104 680 4178 9,
731 4098 964 4165 Claud.
1007 4101 1307 4165 Mamert.
1356 4106 1502 4165 stat.
1562 4102 1817 4165 animae
1864 4106 1923 4181 2,
1974 4106 2030 4165 9.
2109 4099 2419 4187 gannire
2475 4104 2540 4163 et
2582 4095 2956 4182 obgannire

509 4208 661 4268 met.
710 4207 769 4283 2,
819 4206 890 4282 23
955 4208 1012 4281 2,
1065 4207 1176 4280 11,
1237 4207 1294 4284 3,
1343 4208 1444 4285 20,
1505 4203 1735 4268 Afran.
1787 4208 1932 4284 283,
1990 4203 2229 4269 catull.
2278 4208 2380 4284 83,
2427 4204 2489 4281 4,
2534 4199 2732 4283 Vulg.
2791 4198 2951 4264 Tob.

514 4310 574 4387 3,
622 4310 681 4385 9,
743 4305 870 4370 108.
924 4310 1020 4386 10,
1074 4311 1179 4385 14;
1244 4306 1550 4389 gannitus
1607 4305 1803 4370 Lucr.
1853 4312 1909 4387 5,
1964 4311 2148 4387 1069,
2204 4306 2399 4371 Mart.
2449 4309 2508 4384 5,
2552 4307 2655 4383 60,
2702 4302 2952 4367 Α118011.

513 4408 714 4493 epigr.
792 4412 940 4490 108,
1013 4412 1074 4473 4.
1168 4410 1518 4473 corradere
1582 4410 1907 4473 translata
1972 4408 2441 4493 significatione
2509 4405 2812 4471 dicebant
2878 4404 2957 4469 de

514 4511 774 4577 homine
815 4511 1156 4597 pecuniam
1204 4512 1485 4597 undique
1517 4512 1938 4598 corripiente;
1985 4511 2185 4598 Apul.
2218 4516 2368 4575 met.
2405 4514 2505 4589 11,
2540 4514 2642 4590 28,
2690 4506 2771 4573 cf.
2804 4507 2955 4573 Ter.
