3481 5121
1612 306 1692 373 47

432 512 672 582 Christ.
732 518 803 597 2,
868 516 976 602 13)
1035 513 1246 581 verbis
1302 517 1430 582 his:
1494 516 1693 598 „illud
1753 518 1977 598 etiam,
2038 514 2211 604 quod
2265 515 2393 579 iam
2439 513 2693 580 auferre
2739 532 2867 578 non

431 641 772 706 possumus
841 619 919 684 de
982 641 1092 684 ore
1155 623 1556 688 cantantium
1619 622 2037 707 populorum:
2107 641 2329 706 «super
2383 621 2591 704 ipsum
2649 623 2867 682 autem

428 725 641 788 floriet
685 723 1107 789 sanctificatio
1138 747 1308 788 mea»
1353 726 1515 790 nihil
1545 725 1835 810 profecto
1868 725 2224 789 sententiae
2256 722 2561 801 detrahit,
2588 721 2869 785 *auditor

429 833 650 892 tamen
712 826 983 912 peritior
1039 832 1198 890 cet.“
1260 866 1343 874 —
1400 827 1635 913 quitus
1691 833 1792 891 est
1832 829 1911 892 de
1955 849 2123 910 mag.
2171 831 2283 906 92,
2330 825 2489 890 Acc.
2538 829 2690 903 622,
2737 823 2863 888 Iul.

427 930 649 997 Valer.
697 934 750 1009 1,
786 933 895 1007 943
947 928 1025 993 cf.
1074 931 1268 994 etiam
1310 931 1530 996 Plaut.
1579 931 1761 995 Pers.
1812 936 1869 1009 2,
1919 935 1976 1010 2,
2031 935 2127 1010 12,
2178 928 2415 995 Caecil.
2464 931 2608 1007 279,
2660 925 2862 992 Solin.

430 1038 486 1111 7,
539 1037 646 1112 13,
708 1033 818 1117 qui
873 1033 1034 1096 alias
1089 1033 1329 1098 formas
1386 1035 1680 1120 passivas
1739 1034 1920 1098 verbi
1974 1032 2261 1098 eiusdem
2321 1030 2582 1096 habent.
2643 1069 2709 1076 —
2759 1031 2860 1094 his

428 1135 783 1199 adiciamus
848 1134 1193 1199 formulam
1238 1139 1546 1222 fortasse
1608 1159 1701 1200 an
1770 1136 1936 1200 (Ideo
2006 1135 2141 1202 Ser.
2215 1139 2272 1214 5,
2343 1135 2501 1199 Acc.
2569 1139 2649 1197 tr.
2724 1137 2864 1210 122,

429 1236 721 1317 Sisenna,
772 1236 1006 1317 Varr0,
1056 1237 1225 1304 Gen.
1272 1240 1467 1323 (teste
1510 1239 1886 1304 Kretschm.
1933 1260 1995 1323 p.
2046 1238 2217 1323 106),
2265 1237 2441 1302 Tert.
2488 1238 2867 1322 praescript.

428 1340 672 1403 haeret.
720 1343 822 1419 41,
886 1341 965 1404 de
1010 1343 1228 1405 anima
1275 1347 1333 1423 5,
1383 1342 1537 1406 ibid.
1588 1347 1689 1406 20.
1783 1347 2068 1406 extremo
2116 1341 2393 1425 denique
2437 1340 2580 1403 loco
2626 1339 2867 1404 referre

427 1443 640 1527 placet
695 1443 1086 1508 locutionem
1132 1443 1345 1509 hiems
1399 1444 1582 1510 anni
1618 1451 1772 1509 erat
1814 1445 1892 1508 de
1937 1465 2104 1528 mag.
2149 1448 2255 1521 72;
2307 1441 2486 1508 Serv.
2534 1440 2620 1506 ad
2663 1442 2861 1525 Verg.

427 1545 594 1610 Aen.
644 1552 710 1631 2,
760 1550 902 1628 311,
955 1552 1242 1625 „veteres
1283 1547 1558 1612 hiemem
1604 1549 1757 1612 anni
1789 1547 2109 1628 dicebant,
2155 1567 2234 1610 ne
2266 1552 2618 1632 tempestas
2648 1551 2867 1631 posset

425 1649 775 1732 intellegi“.
867 1649 1164 1734 equidem
1221 1672 1348 1713 non
1405 1651 1662 1730 dubito,
1724 1651 1882 1736 quin
1938 1651 2133 1715 etiam
2188 1648 2656 1734 posterioribus
2708 1654 2865 1712 tem-

420 1752 688 1836 poribus
733 1751 937 1815 hiems
981 1753 1270 1838 potuerit
1316 1754 1445 1818 dici
1488 1775 1605 1838 pro
1650 1759 2001 1838 tempestas
2062 1753 2131 1816 in
2173 1773 2466 1816 sermone
2516 1749 2863 1832 cotidiano,

421 1854 534 1918 sed
590 1854 945 1938 Apuleium
1011 1855 1466 1920 discretionem
1521 1858 1699 1922 illam
1760 1877 1965 1942 neque
2022 1855 2314 1920 consulto
2369 1855 2593 1920 fecisse
2657 1875 2863 1940 neque

420 1957 664 2041 priscos
710 1958 832 2021 hoc
875 1957 1014 2022 loco
1059 1959 1416 2042 respexisse
1463 1959 1922 2024 contenderim.
2016 1958 2264 2037 „hieme
2309 1959 2499 2022 anni“
2554 1959 2863 2042 scriptum

423 2065 522 2122 est
574 2059 770 2123 etiam
814 2061 991 2146 apud
1037 2061 1417 2127 Suetonium
1462 2063 1528 2126 in
1574 2064 1711 2126 vita
1759 2061 1944 2128 anS.
1991 2066 2101 2139 35;
2163 2059 2336 2146 apud
2384 2059 2700 2140 Gellium,
2751 2061 2863 2145 qui

425 2165 484 2241 2,
533 2166 607 2224 21
658 2169 723 2226 61
769 2167 868 2242 19,
917 2169 952 2226 5
1003 2170 1290 2242 „aestate
1346 2165 1536 2228 anni“
1585 2165 1785 2230 habet
1829 2166 1995 2229 ratio
2039 2164 2182 2244 illa,
2241 2163 2486 2228 scilicet
2529 2169 2603 2228 ut
2648 2169 2861 2228 aestas

423 2265 574 2327 anni
637 2265 718 2328 ab
779 2266 912 2329 alia
971 2266 1193 2352 aliqua
1255 2272 1501 2331 aestate
1562 2267 1995 2348 discernatur,
2058 2265 2286 2331 haberi
2346 2267 2587 2352 nequit.
2682 2266 2857 2330 Dict.

425 2365 598 2432 Oret.
646 2372 703 2446 3,
750 2373 788 2431 8
835 2373 898 2432 61
943 2373 1000 2448 3,
1049 2373 1086 2431 9
1137 2390 1404 2454 „vesper
1449 2370 1573 2434 dici
1619 2377 1823 2434 erat“.
1910 2370 1987 2434 cf.
2036 2371 2232 2434 etiam
2280 2368 2433 2433 Tac.
2479 2369 2631 2434 hist.
2676 2375 2734 2448 2,
2781 2373 2862 2432 39

423 2491 658 2550 „verno
701 2477 989 2556 tempore
1036 2473 1249 2536 anni“.

589 2579 648 2638 2.
737 2576 924 2640 Haec
997 2574 1296 2661 deinceps
1371 2582 1724 2662 sequantur
1791 2598 1868 2641 ea
1932 2575 2275 2655 vocabula,
2344 2575 2578 2660 quibus
2646 2596 2854 2661 neque

418 2676 883 2743 Ciceronianae
930 2700 1137 2764 neque
1173 2677 1536 2743 Caesareae
1575 2680 1809 2743 aetatis
1841 2680 2184 2764 scriptores
2217 2684 2474 2763 praeter
2503 2678 2859 2762 Apuleium

416 2781 518 2842 usi
565 2787 716 2845 sunt
761 2782 828 2845 in
872 2781 1076 2861 libris,
1126 2782 1235 2866 qui
1281 2787 1558 2847 aetatem
1603 2783 1912 2862 tulerunt,
1962 2782 2042 2846 de
2084 2782 2315 2867 quibus
2345 2787 2562 2845 tamen
2592 2786 2859 2863 propter

418 2879 870 2947 formationem
933 2885 1154 2949 multis
1218 2885 1360 2948 aliis
1423 2886 1697 2949 similem
1760 2884 2061 2948 dubitare
2122 2886 2334 2970 possis
2349 2933 2364 2965 ,
2427 2891 2645 2947 utrum
2708 2904 2860 2947 casu

418 2985 594 3070 apud
639 2985 801 3049 alios
847 3008 974 3050 non
1021 2992 1457 3070 compareant,
1506 2988 1797 3072 quamvis
1826 2989 1893 3051 in
1923 3008 2213 3051 sermone
2244 2987 2495 3069 vulgari
2527 2987 2861 3072 potuerint

415 3089 751 3173 usurpari,
810 3110 892 3151 an
947 3090 1030 3154 ab
1075 3090 1359 3176 Apuleio
1407 3090 1681 3154 fortasse
1725 3096 1994 3175 propter
2037 3092 2244 3174 ipsam
2293 3089 2749 3154 formationem
2792 3091 2857 3153 in

415 3192 558 3255 aliis
584 3192 978 3256 celebratam
1002 3194 1294 3257 consulto
1318 3194 1598 3277 repetita
1622 3194 1753 3257 sint
1778 3216 1855 3258 ex
1874 3193 2057 3257 libris
2079 3193 2459 3277 priscorum.
2518 3193 2855 3257 custodela

413 3301 564 3359 met.
616 3300 672 3376 2,
722 3300 823 3377 22,
871 3295 1088 3360 Plaut.
1121 3297 1317 3361 Merc.
1368 3306 1425 3377 2,
1483 3303 1532 3376 l,
1581 3302 1645 3376 93
1685 3297 1943 3381 fugela
1988 3297 2067 3360 de
2111 3318 2278 3379 mag.
2328 3300 2429 3375 98,
2478 3294 2643 3361 Cato
2675 3295 2850 3381 apud

415 3398 620 3463 Prisc.
667 3402 703 3461 3
735 3420 798 3484 p.
840 3404 922 3462 88
952 3398 1178 3463 Hertz.
1216 3399 1305 3484 (p.
1341 3405 1461 3463 601
1496 3400 1635 3486 Ρ.);
1683 3399 1763 3463 (16
1794 3399 2121 3463 vocabulis
2151 3400 2216 3462 in
2247 3398 2528 3484 —(t)ela
2560 3399 2851 3463 desinen-

273 3588 282 3597 .
406 3501 579 3564 tibus
643 3501 719 3564 cf.
782 3522 844 3586 p.
907 3507 1008 3565 31.
1085 3502 1496 3587 praegnatz'o
1554 3510 1704 3568 met.
1766 3508 1861 3582 10,
1909 3507 2011 3585 23,
2052 3502 2260 3567 Varro
2304 3525 2354 3565 r.
2402 3524 2452 3565 r.
2502 3508 2539 3565 2
2585 3522 2645 3586 p.
2699 3506 2851 3579 1613

409 3603 583 3669 Tert.
652 3604 795 3667 adv.
871 3604 1019 3669 Iud.
1086 3610 1157 3684 9,
1221 3606 1418 3670 habet
1477 3613 1905 3690 praegnatus,
1971 3605 2252 3688 August.
2316 3627 2501 3670 serm.
2573 3610 2725 3684 128,
2792 3609 2851 3685 2,

405 3710 886 3791 praegnacitaS.
975 3707 1379 3771 coniunctus
1424 3708 1638 3791 ddgm.
1699 3710 1874 3773 Plat.
1931 3714 1988 3788 2,
2052 3711 2153 3789 24,
2201 3708 2415 3775 Varro
2460 3709 2501 3772 1.
2547 3709 2589 3773 l.
2642 3713 2741 3789 10,
2792 3714 2848 3787 2,

406 3813 560 3889 165;
623 3810 736 3874 sed
818 3809 1227 3894 Apuleianus
1283 3811 1463 3875 locus
1523 3818 1856 3897 suspectus
1916 3817 2038 3891 est,
2104 3810 2288 3874 codd.
2348 3812 2653 3876 exhibent
2710 3832 2859 3876 con-

399 3912 718 3993 iunctam,
789 3912 1113 3979 Goldbch.
1181 3914 1454 3978 coniecit
1513 3917 1893 3980 convictum.
1996 3920 2367 4001 spectamen
2421 3922 2571 3979 met.
2633 3919 2705 3992 4,
2773 3919 2854 3978 20

400 4020 464 4078 61
530 4020 585 4095 7,
668 4020 744 4079 13
819 4017 1101 4099 positum
1176 4022 1275 4080 est
1332 4039 1451 4100 pro
1515 4019 1985 4100 spectaculum,
2052 4019 2227 4105 apud
2289 4018 2599 4082 Plautum
2660 4017 2853 4081 aliam

398 4118 937 4200 significationem
993 4118 1192 4183 habet
1253 4120 1362 4204 (cf.
1424 4121 1650 4185 Erdm.
1711 4143 1772 4206 p.
1841 4123 1967 4205 17).
2044 4123 2317 4184 —tudos
2381 4119 2558 4185 Cael.
2622 4118 2849 4182 Aurel.

396 4221 724 4287 hebetudo
783 4228 952 4285 acut.
1016 4227 1089 4301 2,
1155 4226 1263 4303 10,
1321 4228 1401 4286 69
1460 4230 1524 4287 61
1581 4228 1689 4305 70,
1743 4224 2125 4308 inquietudo
2185 4228 2355 4287 aeut.
2416 4228 2490 4303 2,
2539 4227 2653 4302 26,
2707 4227 2849 4291 152,

396 4324 790 4389 maestitudo
880 4326 1098 4388 chron.
1181 4329 1242 4407 1,
1320 4329 1386 4405 4,
1468 4331 1620 4407 104,
1703 4326 2041 4411 plenitudo
2116 4333 2284 4390 acut.
2368 4331 2432 4405 1,
2512 4328 2625 4404 14,
2708 4329 2849 4405 112,

399 4426 765 4491 teneritudo
860 4427 1079 4491 chron.
1171 4434 1238 4509 2,
1336 4434 1441 4511 13,
1528 4434 1677 4510 166;
1772 4430 1900 4493 alia
1990 4428 2286 4514 exempla
2374 4451 2451 4493 ex
2524 4429 2701 4492 Itala
2789 4436 2853 4492 et

393 4528 687 4612 Vulgata
734 4536 1049 4611 congesta
1104 4538 1253 4595 sunt
1304 4532 1476 4616 apud
1523 4532 1962 4596 Roenschium
2019 4553 2081 4617 p.
2142 4536 2222 4593 66
2281 4552 2374 4615 sq.
2468 4530 2850 4595 hilaritudo
