3481 5121
1647 347 1726 407 25

465 548 972 612 communibus“.
1077 548 1266 613 facile
1331 554 1550 614 autem
1605 548 1747 614 fieri
1804 551 2047 635 potuit,
2106 554 2180 613 ut
2236 547 2453 633 prisca
2513 545 2909 610 haberentur

465 656 662 735 atque
737 650 992 714 exoleta
1067 667 1232 736 quae
1299 653 1610 717 sermonis
1687 658 1873 717 erant
1938 651 2281 731 cotidiani,
2346 671 2491 713 cum
2553 649 2905 712 communis

461 751 767 837 loquendi
811 774 950 817 mos
993 760 1250 818 vetusta
1291 756 1603 820 retineret
1630 755 1857 835 multa,
1904 776 2071 840 quae
2099 755 2166 818 in
2198 753 2479 818 dictione
2510 751 2907 834 elegantiore

463 855 868 934 vitabantur3
917 857 1154 920 etenim
1195 857 1359 921 haec
1398 858 1546 942 ipsa
1591 862 1688 922 est
1731 879 1929 922 causa
1970 879 2086 922 cur
2118 856 2439 942 Apuleius
2466 875 2629 940 prae
2674 854 2904 919 ceteris

462 965 754 1023 veterum
799 957 1190 1022 comicorum
1242 966 1584 1045 poetarum
1627 961 2009 1026 thesaurum
2055 953 2515 1026 vocabulorum
2560 957 2749 1041 quasi
2797 977 2901 1020 ex-

463 1061 702 1146 pilasse
746 1065 1030 1145 putetur.
1119 1063 1451 1144 vulgarem
1494 1064 1693 1146 igitur
1735 1063 1995 1128 dicendi
2024 1062 2575 1140 consuetudinem,
2622 1080 2789 1145 quae
2840 1065 2904 1123 et

465 1165 855 1229 comicorum
907 1169 973 1229 et
1014 1163 1260 1248 Apulei
1313 1167 1623 1231 orationis
1680 1166 1825 1231 fons
1884 1173 2026 1231 erat
2084 1166 2493 1250 aliquatenus
2551 1163 2906 1228 communis

465 1268 520 1331 si
579 1267 954 1348 diligentius
1012 1269 1448 1353 respexissent
1502 1269 1793 1334 homines
1852 1269 2054 1349 docti,
2118 1267 2197 1332 (16
2257 1266 2541 1352 Apuleio
2596 1266 2908 1330 iudicium

469 1369 771 1436 fecissent
812 1371 1070 1435 rectius.
2122 1439 2127 1446 ,

635 1474 900 1554 Restat,
959 1480 1035 1538 ut
1087 1475 1172 1538 ad
1212 1476 1356 1559 ipsa
1409 1472 1726 1539 vocabula
1757 1472 2267 1555 aggrediamur,
2331 1490 2497 1556 quae
2553 1491 2771 1534 omnes
2829 1470 2905 1550 ei,

466 1577 578 1662 qui
643 1576 725 1640 (16
791 1577 1154 1641 elocutione
1214 1577 1590 1663 Apuleiana
1655 1578 1717 1640 in
1783 1575 2155 1640 universum
2220 1575 2531 1638 iudicium
2597 1573 2907 1650 fecerunt,

469 1680 669 1744 tacite
714 1700 834 1764 pro
889 1679 1195 1744 obsoletis
1250 1680 1490 1745 habere
1543 1685 1877 1766 poterant,
1934 1699 2079 1743 cum
2136 1679 2389 1764 priscae
2448 1677 2757 1742 orationis
2807 1696 2909 1739 co-

465 1784 668 1848 lorem
712 1803 860 1846 eum
905 1781 1306 1847 affectavisse
1353 1790 1706 1864 censerent,
1754 1782 1857 1847 vel
1914 1803 2080 1867 quae
2127 1782 2543 1849 Erdmannus
2589 1779 2908 1844 Kretsch-

462 1908 736 1950 mannus
795 1885 1134 1950 Koziolius
1191 1885 1304 1948 alii
1358 1887 1743 1971 scriptorem
1803 1885 1887 1950 ab
1944 1885 2189 1950 ultimis
2246 1890 2311 1949 et
2368 1885 2497 1946 iam
2542 1883 2904 1946 obliteratis

461 1990 864 2074 temporibus
935 1987 1312 2072 repetivisse
1397 1989 1602 2070 magis
1689 1989 1979 2052 minusve
2069 1987 2332 2052 definite
2416 1985 2907 2070 contenderunt.

462 2091 780 2157 vocabula
822 2092 1022 2172 igitur
1063 2091 1180 2154 illa
1223 2097 1338 2154 aut
1366 2091 1697 2174 primitiva
1743 2096 1911 2171 sunt,
1959 2111 2125 2172 quae
2170 2091 2225 2154 si
2266 2089 2541 2154 fuissent
2587 2089 2906 2154 oblivione

465 2194 698 2258 obruta
757 2215 798 2258 a
850 2194 1256 2279 paucissimis
1321 2194 1528 2274 iisque
1596 2213 1786 2258 casca
1848 2199 2169 2258 vetustate
2238 2192 2510 2258 eruditis
2577 2191 2908 2255 intellecta

467 2304 712 2376 essent,
771 2303 886 2361 aut
929 2296 1316 2361 formatione
1361 2301 1615 2361 tantum
1673 2295 2055 2360 suffixorum
2100 2296 2201 2360 vel
2245 2295 2683 2381 praefixorum
2724 2299 2908 2358 nota-

464 2400 651 2480 bilia,
711 2401 795 2465 ab
839 2421 963 2464 usu
1007 2420 1158 2463 vero
1205 2401 1541 2464 meliorum
1601 2400 1991 2484 scriptorum
2047 2399 2279 2462 aliena.
2369 2397 2485 2462 sed
2527 2398 2803 2462 maxime
2842 2397 2909 2461 in

464 2504 566 2569 his
611 2503 966 2568 cavendum
1011 2509 1138 2585 est,
1202 2525 1280 2568 ne
1325 2508 1566 2567 temere
1611 2502 2005 2567 arbitremur
2048 2499 2323 2567 formam
2381 2501 2669 2583 aliquam
2711 2499 2911 2565 fuisse

465 2608 804 2672 exoletam.
877 2628 1028 2671 nam
1056 2612 1516 2691 praeterquam
1547 2606 1722 2688 quod
1766 2606 1942 2691 apud
1986 2604 2148 2670 alios
2193 2606 2539 2689 scriptores
2584 2610 2911 2668 extremae

460 2696 806 2775 latinitatis
850 2730 1038 2774 voces
1084 2698 1342 2795 saepius
1386 2710 1802 2794 reperiuntur
1846 2708 2137 2788 eaedem,
2198 2707 2614 2771 formationes
2670 2707 2911 2771 similes

463 2813 640 2899 apud
702 2834 812 2877 eos
873 2818 1024 2877 sunt
1081 2820 1222 2878 tam
1282 2813 1554 2893 multae,
1612 2818 1688 2876 ut
1747 2812 2047 2894 equidem
2098 2831 2229 2875 non
2274 2802 2703 2875 dubitaverim
2762 2828 2909 2873 con-

462 2916 730 2981 tendere
775 2936 944 2997 quae
973 2938 1101 2980 non
1147 2921 1359 2981 essent
1396 2916 1465 2979 in
1508 2936 1629 2979 usu
1660 2916 1972 2979 sermonis
2002 2915 2288 2997 vulgaris
2319 2911 2499 2978 haud
2542 2932 2694 2977 raro
2736 2912 2911 2996 ipsos

462 3020 724 3083 finxisse
781 3018 1088 3103 exemplis
1147 3020 1419 3083 vetustis
1477 3039 1604 3092 non
1658 3018 1988 3103 respectis.
2078 3017 2504 3096 deminutiva,
2573 3036 2739 3098 quae
2802 3014 2912 3078 ob-

463 3124 672 3187 soleta
715 3121 945 3187 haberi
989 3126 1326 3206 poterant,
1391 3122 1791 3200 omittemuS,
1850 3141 1995 3184 cum
2038 3120 2139 3184 vel
2184 3140 2263 3183 ex
2298 3120 2665 3201 linguarum
2708 3137 2915 3181 roma-

464 3225 758 3289 nensium
827 3224 1294 3288 consuetudine
1371 3224 1530 3288 satis
1605 3228 1857 3287 constet
1934 3222 2020 3287 ad
2086 3223 2295 3285 varios
2372 3222 2571 3285 animi
2648 3219 2915 3283 affectus

465 3327 920 3412 exprimendos
979 3328 1046 3389 in
1099 3347 1393 3396 sermone
1449 3328 1652 3391 latino
1705 3326 1959 3408 vulgari
2010 3344 2196 3389 usum
2256 3346 2476 3389 eorum
2536 3322 2735 3387 fuisse
2792 3322 2914 3386 fre-

467 3432 978 3511 quentissimum,
1013 3437 1086 3495 ut
1111 3431 1194 3494 ab
1226 3431 1382 3515 ipsis
1406 3430 1815 3493 deminutivis
1847 3450 2015 3493 nova
2040 3428 2435 3492 deminutiva
2458 3425 2913 3492 formarentur.

468 3539 811 3616 praeterea
871 3531 1040 3597 Ottii
1098 3534 1468 3597 testimonio
1535 3533 1604 3618 (1.
1669 3553 1722 3596 c.
1784 3554 1846 3617 p.
1911 3532 2062 3615 789)
2125 3531 2207 3595 (16
2259 3532 2337 3595 116
2396 3532 2493 3596 uti
2552 3530 2739 3609 licet,
2803 3529 2916 3611 qui

469 3634 839 3701 Koziolium
884 3637 1149 3700 nimiam
1207 3636 1458 3720 copiam
1515 3635 1747 3699 harum
1800 3633 2155 3698 formarum
2210 3633 2385 3717 apud
2432 3632 2789 3719 Apuleium
2843 3637 2918 3695 ut

471 3736 687 3801 fucum
741 3740 1032 3825 ineptum
1084 3739 1556 3821 ridiculumque
1601 3740 2077 3822 vituperantem
2121 3738 2462 3820 impugnat
2518 3758 2595 3801 ac
2640 3736 2800 3801 dicit
2848 3735 2916 3798 in

471 3840 650 3904 Itala
690 3840 1228 3908 deminutivorum
1272 3864 1459 3905 usum
1489 3861 1607 3923 pro
1651 3841 1902 3905 ambitu
1931 3841 2246 3905 librorum
2294 3840 2569 3904 eundem
2598 3838 2732 3904 fere
2780 3858 2917 3902 esse

470 3948 668 4025 atque
725 3945 794 4008 in
849 3945 1104 4026 scriptis
1161 3943 1423 4029 Apulei.
1515 3964 1753 4026 genera
1808 3950 2026 4007 autem
2078 3943 2571 4023 vocabulorum,
2638 3962 2805 4024 quae
2851 3942 2919 4004 in

469 4067 738 4112 numero
785 4046 1182 4111 exoletorum
1209 4048 1434 4113 haberi
1480 4048 1690 4111 solent
1735 4046 1911 4130 apud
1957 4048 2338 4131 scriptorem
2384 4047 2726 4110 statuimus
2756 4046 2915 4109 tria:

471 4151 754 4234 primum
788 4171 1028 4228 eorum,
1056 4170 1220 4231 quae
1243 4154 1514 4235 propter
1542 4150 1754 4235 ipsam
1778 4150 2231 4215 formationem
2255 4148 2918 4231 significationemque

471 4253 764 4335 vulgaria
820 4251 1018 4315 fuisse
1071 4252 1211 4316 iure
1269 4252 1536 4333 dixeris,
1583 4252 1686 4316 vel
1732 4251 1967 4335 quibus
2016 4254 2211 4317 etiam
2268 4253 2379 4317 alii
2435 4259 2729 4316 auctores
2774 4251 2919 4316 lati-

470 4358 694 4422 nitatis
741 4354 1079 4420 deterioris
1123 4356 1222 4419 usi
1267 4362 1444 4436 sunt,
1503 4362 1577 4419 ut
1623 4356 1969 4421 obliterata
2012 4376 2090 4420 ea
2142 4354 2339 4420 fuisse
2383 4377 2511 4419 non
2557 4355 2916 4419 videantur.

473 4460 574 4524 his
631 4458 934 4541 deinceps
1002 4458 1130 4522 alia
1198 4459 1654 4541 adiungemus,
1725 4464 1947 4544 spreta
2014 4458 2276 4541 quidem
2338 4458 2455 4521 illa
2520 4458 2602 4523 ab
2651 4458 2919 4540 reliquis

470 4562 892 4646 scriptoribus
939 4563 1175 4629 aetatis
1208 4561 1588 4641 Caesareae,
1635 4548 1749 4627 sed
1796 4582 1961 4645 quae
2006 4562 2109 4627 vel
2148 4561 2219 4627 in
2263 4581 2553 4627 sermone
2600 4561 2921 4625 communi
