3481 5121
1646 289 1730 350 24

465 491 914 555 ostentatione.
1003 492 1224 574 itaque
1270 493 1362 556 sic
1402 492 1620 574 potius
1664 491 2017 555 sentiamus
2063 489 2417 572 Apuleium
2447 490 2762 554 vocabula
2793 491 2907 555 illa

463 593 834 676 improbata
877 594 962 657 ad
1005 594 1294 660 fabulam
1326 594 1738 660 scribendam
1769 614 1899 658 non
1932 593 2390 675 conquisivisse
2418 613 2655 674 magno
2685 592 2908 657 labore

472 703 550 760 ex
592 695 778 762 libris
824 697 1146 762 oblivione
1194 697 1470 776 obrutis,
1533 696 1646 760 sed
1699 716 1846 760 eum
1904 697 2187 780 plurima
2239 700 2495 760 tantum
2552 716 2681 759 non
2722 717 2911 779 repu-

466 798 760 878 diavisse,
810 821 955 863 cum
999 801 1159 864 trita
1201 805 1417 864 essent
1460 800 1528 863 in
1558 798 2021 864 consuetudine
2053 799 2398 862 cotidiana.
2489 799 2735 881 optimo
2769 799 2908 863 iure

473 901 647 966 idem
700 901 834 966 fere
877 902 1189 966 iudicavit
1234 902 1684 987 Pauokerus1)
1733 901 1813 965 de
1858 901 2211 982 vocabulis,
2276 921 2443 983 quae
2488 902 2662 984 apud
2708 901 2907 984 scrip-

471 1011 646 1068 tores
718 1005 1032 1071 historiae
1087 1003 1457 1088 Augustae,
1533 1004 1967 1086 «subagrestia
2027 1003 2143 1067 illa
2205 1005 2465 1086 ingenia
2525 1004 2719 1068 nullis
2775 1004 2907 1068 fere

467 1109 811 1172 vetustatis
853 1107 1240 1172 lectionibus
1283 1108 1592 1190 expolita»
1636 1127 1755 1189 pro
1801 1106 2109 1171 obsoletis
2138 1106 2366 1172 haberi
2394 1107 2673 1189 possint:
2712 1107 2911 1186 „haec

468 1214 687 1274 tamen
756 1211 824 1274 in
892 1232 1002 1276 ore
1073 1211 1252 1293 vulgi
1314 1216 1471 1275 tunc
1544 1209 1895 1274 obliterata
1958 1209 2155 1275 fuisse
2218 1211 2435 1274 omnia
2493 1216 2559 1274 et
2616 1210 2699 1274 ab
2770 1211 2913 1273 istis

445 1313 860 1389 ‚resuscitata
931 1312 1148 1378 nullus
1220 1312 1520 1396 equidem
1592 1318 1873 1376 assero“.
1978 1313 2065 1376 ad
2126 1314 2303 1395 vulgi
2376 1333 2733 1377 sermonem
2805 1313 2913 1376 de-

471 1414 778 1479 scendere
848 1415 1204 1498 Apuleium
1277 1438 1356 1480 ex
1421 1417 1626 1499 ipsius
1695 1415 1907 1480 verbis
1982 1423 2284 1498 apparet,
2360 1437 2525 1498 quae
2592 1417 2660 1480 in
2726 1415 2914 1480 initio

473 1518 1078 1601 metamorphoseon
1142 1519 1357 1603 posita
1418 1520 1548 1583 iam
1615 1539 1813 1602 supra
1869 1520 2237 1583 memoravi.
2328 1521 2483 1604 quin
2545 1517 2747 1583 verba
2802 1517 2917 1582 illa

473 1621 560 1685 ad
631 1621 1102 1686 aestimandam
1187 1622 1576 1700 dictionem,
1657 1641 1825 1705 quae
1898 1622 1968 1685 in
2050 1623 2655 1707 metamorphoseon
2729 1621 2913 1685 libris

473 1729 854 1806 usurpatur,
917 1726 1282 1807 gravissimi
1339 1725 1468 1789 sint
1523 1725 1860 1804 momenti,
1907 1724 2197 1789 dubitari
2254 1745 2382 1789 non
2454 1731 2688 1807 potest.
2761 1745 2916 1788 nam

473 1827 630 1890 sive·
679 1827 764 1892 ad
825 1827 1182 1910 Apuleium
1246 1827 1614 1893 referuntur
1677 1829 1873 1892 etiam
1938 1827 2225 1911 reliqua,
2296 1847 2461 1912 quae
2527 1827 2773 1892 Lucius
2835 1827 2914 1892 de

477 1931 725 2013 origine
783 1951 901 1995 sua
945 1931 1133 2012 dicit,
1190 1931 1322 1995 sive
1378 1951 1656 2013 persona
1699 1931 1835 1994 eius
1892 1929 2047 1994 ficta
2104 1934 2375 2014 putatur
2426 1930 2527 1994 vel
2568 1931 2789 2016 potius
2834 1952 2913 1995 ex

478 2053 712 2116 graeca
755 2033 996 2113 fabula,
1045 2054 1242 2118 quam
1286 2032 1610 2118 Apuleius
1657 2034 1969 2117 sequitur,
2018 2032 2389 2118 desumpta:
2448 2055 2615 2119 quae
2662 2034 2740 2098 de
2786 2055 2915 2098 ser-

477 2157 665 2201 mone
737 2157 851 2200 suo
918 2136 1028 2200 ille
1089 2137 1364 2218 addidit,
1431 2157 1590 2221 prae
1657 2137 1887 2202 ceteris
1942 2136 2143 2200 verba
2191 2157 2309 2215 „en
2355 2157 2501 2202 ecce
2544 2131 2920 2222 praefamur

475 2241 728 2304 veniam
783 2259 876 2323 sq.
889 2244 918 2276 “
978 2239 1155 2303 haud
1212 2239 1406 2304 dubie
1463 2243 1762 2324 spectant
1814 2238 1899 2302 ad
1956 2259 2101 2302 eum
2157 2239 2416 2304 dicendi
2458 2260 2738 2319 morem,
2786 2261 2914 2325 quo

478 2339 1085 2426 metamorphoseon
1127 2342 1280 2407 libri
1324 2343 1407 2407 ab
1440 2341 1726 2428 Apuleio
1758 2347 1909 2406 sunt
1952 2343 2323 2427 conscripti.
2414 2342 2692 2410 Lucium
2720 2343 2922 2425 igitur

481 2445 666 2508 illum
703 2443 1098 2510 Graeculum
1135 2446 1350 2525 „nullo
1393 2447 1708 2528 magistro
1752 2449 2145 2530 praeeunte“
2182 2444 2362 2527 (met.
2401 2449 2454 2524 1,
2508 2443 2573 2524 1)
2619 2445 2919 2510 didicisse

481 2570 548 2613 se
601 2548 892 2631 linguam
945 2548 1217 2612 latinam
1273 2547 1596 2613 dicentem
1662 2547 1840 2612 facit.
1942 2546 2313 2630 vulgaribus
2365 2547 2577 2613 verbis
2654 2540 2917 2613 consue-

483 2651 727 2715 tudinis
783 2651 1149 2716 cotidianae
1209 2674 1354 2716 eum
1408 2653 1506 2716 uti
1562 2652 1792 2716 leviter
1846 2650 2185 2732 significat.
2288 2657 2354 2715 et
2411 2672 2555 2715 cum
2601 2651 2923 2715 divinaret

483 2753 806 2839 Apuleius
847 2753 1047 2818 libros
1089 2756 1236 2819 illos
1282 2760 1467 2819 extra
1511 2760 1825 2837 angustos
1870 2754 2124 2839 patriae
2167 2752 2326 2818 fines
2372 2754 2775 2837 divulgatum
2817 2755 2919 2835 iri,

423 2900 425 2907 ι
481 2858 736 2921 veniam
781 2862 1086 2942 precatur
1134 2858 1385 2943 „siquid
1427 2857 1665 2921 exotici
1703 2877 1781 2920 ac
1810 2856 2085 2921 forensis
2117 2858 2427 2921 sermonis
2458 2858 2639 2921 rudis
2669 2857 2923 2923 locutor

484 2958 884 3023 offenderit“.
962 2960 1280 3024 Afrorum
1309 2959 1636 3025 scribendi
1668 2959 2222 3040 consuetudinem,
2250 2960 2361 3045 qui
2390 2960 2597 3024 multa
2625 2960 2922 3044 exempla

485 3063 799 3126 sermonis
855 3063 1131 3126 trivialis
1193 3063 1501 3127 exhibent
1557 3063 1849 3148 quamvis
1903 3060 2208 3127 affectent
2266 3064 2545 3149 speciem
2610 3064 2921 3127 orationis

486 3163 902 3229 artificiosam
946 3165 1046 3229 his
1091 3166 1278 3251 quasi
1323 3166 1698 3230 velamentis
1752 3166 2057 3247 obtegere
2103 3166 2383 3230 voluisse
2439 3164 2923 3251 prudenterque

485 3290 624 3333 rem
667 3270 762 3331 ita
805 3268 1165 3332 instituisse
1208 3267 1492 3348 videtur,
1550 3273 1625 3332 ut
1675 3270 1744 3332 in
1794 3270 1935 3354 ipso
1989 3270 2175 3332 initio
2228 3268 2488 3333 fabulae
2532 3290 2678 3331 cum
2724 3268 2922 3332 alium

489 3372 569 3435 de
624 3393 691 3435 se
751 3370 947 3435 verba
990 3370 1336 3436 facientem
1387 3372 1753 3451 induceret,
1814 3371 1893 3435 de
1948 3393 2063 3437 suo
2117 3372 2321 3457 ipsius
2378 3392 2669 3436 sermone
2712 3370 2923 3434 verbis

487 3474 660 3538 illius
707 3474 962 3537 veniam
1002 3476 1284 3556 rogaret.
1373 3495 1651 3560 namque
1705 3476 2009 3539 universa
2052 3474 2313 3560 quidem
2356 3474 2671 3540 orationis
2716 3472 2926 3539 forma

487 3578 554 3640 in
598 3576 782 3640 libris
825 3576 955 3640 illis
1002 3582 1209 3640 artem
1252 3598 1412 3661 prae
1457 3598 1524 3641 se
1567 3577 1696 3643 fert
1740 3586 1937 3665 atque
1969 3580 2415 3657 eruditionem,
2459 3576 2925 3641 vocabulorum

488 3700 639 3743 vero
693 3700 848 3744 usus
907 3678 1280 3764 saepissime
1336 3682 1633 3745 convenit
1685 3689 1752 3747 et
1806 3682 2171 3746 hominibus
2188 3730 2203 3761 ,
2274 3702 2436 3765 quos
2503 3680 2782 3765 scriptor
2833 3678 2925 3743 lo-

491 3787 760 3867 quentes
806 3782 994 3862 facit,
1069 3789 1134 3847 et
1197 3783 1420 3862 rebus,
1487 3805 1647 3870 quas
1715 3792 1973 3865 narrat,
2034 3806 2180 3848 cum
2234 3783 2490 3847 infimas
2554 3783 2731 3847 haud
2775 3804 2926 3846 raro

489 3885 826 3954 redoleant
892 3886 1132 3949 sordes·
1245 3908 1321 3951 ac
1386 3908 1466 3951 ne
1526 3888 1945 3953 obliviscatur
2009 3888 2215 3951 lector
2282 3887 2541 3971 qualem
2607 3880 2924 3951 orationis

489 3987 955 4072 supellectilem
1000 3988 1322 4074 Apuleius
1377 3990 1500 4055 sibi
1561 3990 1829 4073 elegerit
1884 3988 2329 4074 usurpandam
2389 3988 2633 4053 Lucius
2676 3989 2927 4053 itineris

492 4092 792 4155 comitem
838 4092 930 4156 sic
983 4093 1340 4178 alloquitur
1393 4094 1572 4179 (met.
1639 4099 1693 4175 l,
1756 4094 1853 4179 8):
1921 4114 2075 4173 „oro
2119 4099 2217 4172 te,
2273 4092 2570 4176 inquam,
2630 4092 2929 4157 aulaeum

489 4194 810 4277 tragicum
856 4196 1176 4261 dimoveto
1220 4203 1284 4262 et
1329 4198 1644 4283 siparium
1690 4198 1976 4261 scenium
2019 4195 2403 4280 complicato
2437 4200 2502 4259 et
2532 4194 2689 4259 cedo
2719 4193 2931 4259 verbis

668 4435 710 4503 1)
749 4435 818 4488 de
873 4436 1160 4490 latinitate
1219 4438 1566 4505 scriptorum
1625 4434 1899 4489 historiae
1956 4435 2253 4503 Augustae
2310 4433 2690 4485 meletemata.
2782 4432 2926 4483 Dor-

491 4521 611 4590 pati
648 4523 782 4575 1870
817 4540 869 4592 p.
910 4523 1025 4575 117.
