3481 5121
1754 318 1838 382 48

457 605 462 610 ⁸
572 529 723 589 met.
781 514 881 604 11,
930 527 986 603 7,
1019 521 1239 587 Plaut.
1272 521 1410 587 Mil.
1445 529 1502 604 3,
1556 528 1610 605 1,
1659 529 1761 602 83,
1809 525 1980 590 Rud.
2016 530 2087 606 2,·
2116 529 2178 605 4,
2224 527 2283 588 8.
2358 509 2735 589 severz'tudo'
2762 533 2912 591 met.
2951 532 3005 607 1,

573 630 675 706 25,
723 626 941 691 Plaut.
997 626 1194 711 Epid.
1259 631 1316 707 5,
1378 633 1432 706 1,
1481 631 1539 690 3.
1625 627 1728 691 1116
1792 628 2219 712 adiungamus
2290 628 2533 712 cupedo
2589 633 2737 691 met.
2803 635 2857 709 1,
2905 635 3006 711 24,

577 727 789 793 Varro
833 729 876 792 1.
922 729 964 792 1.
1013 733 1072 808 5,
1117 733 1217 807 32,
1258 731 1362 808 41,
1410 727 1606 793 Lucr.
1657 735 1711 809 1,
1765 735 1962 811 1082;
2009 735 2070 811 4,
2126 735 2285 795 1085
2332 730 2811 816 (cupedinarius
2859 731 3007 796 Ter.

574 832 744 896 Eun.
796 837 854 911 2,
904 836 962 912 2,
1011 835 1112 913 25,
1161 831 1428 917 Lampr.
1474 832 1755 914 Elagab.
1804 833 1933 918 30).
2024 833 2260 897 similia
2306 839 2455 897 sunt
2498 835 2764 916 nigredo
2809 834 3011 920 Apul.

573 940 724 998 met.
789 939 847 1014 2,
909 937 967 1013 9,
1030 933 1229 1015 Vulg.
1286 932 1552 998 Nahum
1606 940 1665 1015 2,
1730 940 1827 1016 10,
1878 935 2092 1002 ‚Mart
2150 933 2311 1022 Cap.
2377 943 2407 1000 1
2474 937 2511 1023 ξ
2572 942 2673 1016 62,
2743 937 3013 1023 pigredo

575 1037 771 1118 Vulg.
837 1058 1018 1122 prov.
1092 1041 1189 1115 19,
1266 1040 1362 1115 15,
1423 1037 1700 1121 putredo
1764 1038 1966 1122 Apul.
2035 1044 2186 1103 met.
2252 1044 2310 1119 9,
2381 1044 2479 1120 13,
2546 1038 2725 1105 Cael.
2782 1039 3012 1103 Aurel.

577 1140 800 1204 chron.
846 1142 909 1220 4,
958 1144 1015 1218 3,
1085 1143 1186 1218 26,
1249 1137 1556 1204 Ambros.
1602 1141 1670 1203 in
1723 1138 1883 1203 Luc.
1946 1144 2002 1221 5,
2055 1145 2155 1222 37,
2214 1141 2488 1206 turbedo
2532 1141 2705 1206 Itala
2749 1140 3015 1205 Nahum

586 1249 641 1324 1,
693 1247 749 1323 3,
796 1241 1030 1307 acredo
1091 1241 1345 1306 Pallad.
1407 1246 1464 1323 2,
1531 1246 1628 1323 15,
1684 1246 1745 1306 9.
1790 1243 2111 1306 —bulum
2128 1269 2150 1306 .·
2216 1244 2569 1308 dicibulum
2628 1243 2806 1308 Tert.
2870 1244 3017 1308 adv.

581 1344 839 1412 Valent.
890 1350 990 1425 20,
1040 1345 1450 1409 fundibulum
1480 1345 1676 1428 Vulg.
1708 1346 1915 1409 Macc.
1966 1350 2019 1425 1,
2069 1350 2127 1426 6,
2188 1351 2288 1426 51,
2346 1347 2793 1411 mandibulum
2837 1347 3016 1413 Tert.

578 1447 660 1513 de
705 1450 922 1512 anima
968 1452 1045 1512 10
1092 1447 1203 1533 (Ρ),
1248 1447 1728 1512 medicabulum
1770 1448 1973 1534 Apul.
2020 1447 2157 1511 flor.
2212 1453 2310 1529 16,
2370 1449 2750 1515 natabulum
2792 1450 3015 1535 Apul.,

575 1551 732 1616 ibid.
782 1551 1303 1633 conciliabulum,
1349 1551 1567 1615 Plaut.
1616 1551 1857 1615 Bacch.
1910 1555 1963 1631 1,
2020 1556 2071 1630 l,
2116 1554 2219 1631 47,
2268 1551 2447 1616 Trin.
2495 1557 2553 1632 2,
2602 1557 2660 1633 2,
2710 1556 2810 1633 33,
2859 1552 3013 1617 Τ60.

576 1675 724 1718 61111.
775 1658 832 1735 3,
876 1657 980 1734 40,
1029 1653 1208 1718 Tert.
1255 1661 1454 1739 spect.
1501 1658 1560 1716 8.
1639 1653 2040 1718 sessibulum
2085 1654 2287 1740 Apul.
2336 1661 2486 1719 met.
2539 1659 2594 1734 1,
2642 1659 2744 1732 23,
2792 1654 3007 1719 Plaut.

581 1757 784 1821 Poen.
837 1761 892 1838 l,
939 1762 997 1837 2,
1047 1761 1146 1821 59.
1239 1757 1318 1821 (16
1373 1757 1831 1821 terminatione
1876 1756 2054 1821 —ies
2095 1759 2341 1842 primae
2387 1756 2834 1822 declinationis
2878 1759 3015 1822 vice

577 1859 887 1944 fungente
944 1859 1023 1924 cf.
1072 1859 1372 1924 Hildebr.
1433 1858 1517 1923 ad
1572 1859 1775 1945 Apul.
1834 1865 1985 1925 met.
2047 1865 2119 1938 5,
2178 1865 2277 1939 27,
2337 1866 2401 1924 et
2460 1859 2664 1924 Neue.
2723 1860 3013 1931 formenl.

583 1961 673 2043 1²,
721 1983 782 2046 p.
819 1966 961 2025 370.
1041 1961 1394 2046 spurcities
1436 1969 1586 2026 met.
1621 1967 1681 2041 8,
1729 1966 1830 2043 28,
1877 1962 2072 2027 Lucr.
2107 1967 2164 2043 6,
2215 1967 2357 2042 977,
2407 1961 2716 2027 tristities
2756 1969 2905 2026 met.
2954 1967 3013 2044 6,

577 2070 645 2144 9;
711 2069 770 2146 8,
830 2069 932 2146 30,
988 2066 1130 2130 61116
1188 2066 1366 2130 10016.
1429 2063 1577 2128 Ter.
1625 2065 1912 2150 Adelph.
1961 2071 2018 2148 2,
2071 2069 2134 2146 4,
2197 2070 2253 2147 3,
2307 2066 2375 2129 111
2418 2065 2707 2150 reliquiis
2753 2066 3021 2131 Pacuvii

579 2175 644 2232 et
711 2167 1022 2253 Turpilii,
1103 2191 1264 2255 quos
1335 2168 1710 2233 Kretschm.
1792 2175 2107 2234 memorat
2183 2190 2245 2254 p.
2322 2172 2435 2248 44,
2527 2190 2698 2233 nunc
2778 2169 3019 2252 legitur

575 2271 870 2335 tristitae.

589 2385 592 2388 ’
748 2375 830 2438 111
877 2397 998 2438 11611
1043 2375 1355 2438 sermonis
1401 2374 1708 2438 cotidiani
1739 2394 1976 2455 genera
2006 2373 2466 2437 vocabulorum
2496 2373 2684 2438 facile
2715 2372 3021 2437 confundi

578 2484 772 2564 atque
819 2477 1176 2564 permutari
1205 2477 1493 2560 potuisse
1524 2475 1714 2541 facile
1756 2476 1876 2540 tibi
1904 2475 2317 2562 persuadeas.
2384 2497 2848 2563 nonnunquam
2890 2477 3019 2558 ipsi

581 2582 930 2666 scriptores
976 2581 1163 2645 latini
1209 2579 1380 2645 idem
1424 2584 1774 2661 testantur,
1821 2581 2021 2645 veluti
2066 2582 2401 2646 Arnobius
2448 2579 2593 2644 adv.
2640 2585 2772 2644 nat.
2827 2585 2881 2660 1,
2932 2584 3011 2643 59

579 2684 1028 2748 consuetudini
1072 2683 1166 2748 illi
1211 2684 1336 2748 hoc
1380 2684 1567 2769 quasi
1623 2684 2058 2769 patrocinium
2112 2705 2190 2747 ac
2243 2684 2677 2763 velamentum
2731 2683 3015 2767 quaerit:

589 2807 951 2871 „quaenam
995 2793 1091 2851 est
1133 2788 1304 2850 enim
1348 2788 1515 2850 ratio
1559 2786 1877 2850 naturalis
1924 2793 2039 2850 aut
2082 2786 2150 2850 in
2180 2787 2403 2850 mundi
2448 2784 3019 2850 constitutionibus

586 2890 693 2954 lex
737 2890 1000 2975 scripta,
1045 2896 1120 2953 ut
1160 2889 1266 2952 hic
1308 2890 1522 2973 paries
1555 2889 1812 2953 dicatur
1858 2894 1921 2951 et
1952 2889 2115 2952 haec
2159 2888 2337 2969 sella,
2386 2909 2531 2952 cum
2576 2908 2783 2973 neque
2830 2909 3019 2953 sexus

583 2991 873 3057 habeant
916 2992 1240 3056 femininis
1272 2992 1616 3081 generibus
1642 2991 2141 3076 masculinisque
2174 2991 2485 3055 discretos
2532 3039 2545 3053 .
2593 3039 2605 3053 .
2656 3039 2669 3053 .
2720 2996 3022 3055 ettamen

582 3118 620 3160 o
663 3097 804 3175 isti,
861 3096 973 3182 qui
1034 3094 1317 3179 pollutas
1373 3116 1475 3159 res
1534 3102 1789 3159 nostras
1845 3095 2149 3158 vitiorum
2202 3093 2629 3157 criminamini
2688 3092 3019 3174 foeditate,

587 3200 1009 3281 stribiligines
1043 3204 1107 3262 et
1142 3219 1252 3261 vos
1284 3199 1442 3261 istas
1468 3198 1654 3262 libris
1686 3196 1813 3261 illis
1854 3198 1921 3260 in
1961 3191 2257 3260 maximis
2298 3202 2492 3281 atque
2534 3196 3024 3260 admirabilibus

588 3324 714 3367 non
787 3298 1089 3366 habetis?
1157 3322 1369 3364 nonne
1436 3301 1596 3364 alias
1660 3300 1874 3364 dicitis
1933 3300 2095 3363 haec
2152 3300 2355 3380 utria,
2420 3299 2583 3363 alias
2645 3298 2761 3361 hos
2824 3304 3022 3375 utreS,

521 3425 534 3441 Χ
587 3406 802 3469 0661116
847 3411 910 3469 61
956 3404 1224 3483 066111111,
1271 3423 1399 3466 11011
1438 3404 1596 3467 item
1640 3402 1850 3487 pileus
1896 3408 1961 3466 et
2002 3402 2262 3486 pileum,
2310 3423 2438 3465 non
2483 3402 2639 3466 item
2685 3422 2906 3465 crocus
2956 3407 3021 3465 et

588 3529 875 3588 crocum,
945 3528 1074 3571 non
1134 3506 1289 3569 item
1349 3503 1555 3569 fretus
1623 3510 1688 3569 et
1755 3503 2037 3569 fretum?
2105 3525 2231 3568 non
2298 3504 2455 3568 item
2516 3504 2691 3589 apud
2751 3524 2864 3567 106
2930 3510 3029 3568 est

590 3610 874 3695 positum
919 3611 1041 3674 hoc
1085 3628 1253 3694 pane
1296 3613 1362 3671 et
1402 3608 1508 3671 1110
1555 3608 1758 3692 961116,
1806 3608 1911 3671 1110
1956 3608 2217 3690 sanguis
2263 3612 2328 3671 et
2365 3608 2487 3671 hoc
2516 3628 2823 3689 sanguen,
2874 3629 3026 3671 can-

590 3712 926 3777 delabrum
970 3717 1036 3775 et
1078 3710 1370 3793 iugulum
1413 3711 1664 3775 ratione
1712 3710 1938 3774 eadem
1982 3710 2240 3793 iugulus
2286 3716 2351 3773 et
2395 3708 2829 3774 candelaber?
2884 3760 2897 3773 .
2948 3759 2961 3773 .
3014 3759 3028 3773 .

456 3870 461 3877 .
591 3817 774 3901 atqui
819 3837 932 3879 vos
979 3814 1409 3899 conspicimus
1457 3821 1521 3878 et
1574 3836 1676 3879 res
1730 3814 2121 3878 masculinas
2174 3812 2513 3891 feminine,
2574 3820 2638 3877 et
2695 3812 3032 3877 femininas

590 3918 960 3995 masculine,
1019 3924 1084 3981 et
1141 3938 1302 4002 quas
1361 3937 1498 3981 esse
1546 3917 1759 3981 dicitis
1803 3922 2068 3981 neutras
2115 3922 2180 3979 et
2223 3915 2333 3978 illo
2382 3921 2447 3979 et
2491 3915 2613 3979 hoc
2657 3914 2850 3979 modo
2897 3916 3032 3978 sine

590 4019 726 4084 ulla
758 4020 1145 4085 discretione
1178 4019 1576 4104 depromere.
1665 4026 1780 4084 aut
1808 4020 2008 4103 igitur
2038 4018 2219 4082 nulla
2247 4024 2343 4081 est
2369 4018 2562 4102 culpa
2592 4016 3035 4083 indifferenter

595 4122 694 4188 his
739 4125 855 4205 uti,
905 4170 918 4185 .
963 4170 976 4185 .
1027 4171 1040 4185 .
1088 4129 1204 4186 aut
1232 4124 1299 4186 in
1330 4123 1644 4187 similibus
1674 4124 1848 4188 vitiis
1878 4143 1991 4185 vos
2035 4141 2291 4206 quoque
2330 4122 2699 4200 versamini,
2743 4122 3035 4207 quamvis

595 4233 757 4291 cet.“
847 4228 976 4290 iam
1033 4227 1234 4309 igitur
1295 4226 1506 4289 minus
1571 4227 1804 4289 mirum
1868 4223 2165 4288 videatur
2226 4224 2400 4309 quod
2459 4226 2652 4288 etiam
2711 4223 3033 4308 Apuleius

595 4331 830 4395 similia
874 4330 1075 4394 habet
1117 4330 1280 4391 sicut
1313 4350 1620 4412 ganeum
1676 4328 1755 4391 de
1817 4348 1986 4409 mag.
2036 4333 2151 4406 98;
2209 4327 2377 4391 idem
2442 4332 2540 4391 est
2597 4326 2772 4412 apud
2814 4325 3030 4390 Plaut.

598 4433 768 4498 Men.
819 4437 876 4514 5,
929 4438 983 4512 1,
1032 4437 1090 4513 3,
1139 4431 1287 4497 Ter.
1321 4430 1608 4516 Adelph.
1659 4434 1715 4510 3,
1766 4434 1823 4512 3,
1872 4435 1928 4493 5.
2006 4435 2279 4493 uterum
2325 4429 2403 4493 de
2449 4450 2616 4513 mag.
2666 4434 2766 4508 85,
2816 4428 3034 4492 Plaut.

602 4537 828 4607 Aulul.
875 4540 937 4619 4,
987 4542 1041 4618 7,
1095 4540 1190 4615 10,
1240 4534 1490 4620 Turpil.
1546 4536 1684 4613 179,
1734 4532 1967 4597 Afran.
2016 4536 2173 4613 3453
2245 4532 2531 4597 eiusdem
2588 4534 2841 4615 generis
2888 4537 3041 4597 sunt
