3481 5121
1624 331 1704 398 31

449 533 620 599 unde
651 535 962 601 venerint.
1036 535 1189 602 hinc
1220 538 1300 604 de
1344 540 1444 621 iis,
1490 541 1601 628 qui
1633 559 1995 624 cauponam
2024 543 2139 605 aut
2168 535 2569 602 meretricem
2598 532 2885 621 aliquam

447 638 752 718 adeunt“,
785 639 1102 727 (Barth.).
1161 643 1458 708 similiter
1485 650 1841 727 usurpatur
1868 643 1935 707 in
1966 643 2101 706 vita
2125 641 2319 707 Sotae
2352 639 2588 706 Afrae:
2626 641 2887 720 „videns

447 741 752 806 honestos
798 745 967 806 viros
1012 745 1385 810 existimans
1443 746 1832 811 adventores
1888 744 2247 830 impudicos
2308 745 2568 828 paravit
2620 749 2884 808 cenam“

447 845 778 929 (Ducang.
835 868 884 910 s.
932 847 1050 931 v.);
1102 848 1240 912 ital.
1308 856 1672 914 avventore.
1762 845 2383 932 circumspectatrix
2439 846 2519 909 de
2578 867 2747 928 mag.
2809 851 2886 909 76

448 946 675 1011 Plaut.
721 947 950 1012 Aulul.
1001 956 1058 1029 1,
1109 954 1164 1030 1,
1211 955 1280 1030 2;
1328 952 1564 1016 similia
1608 957 1761 1016 sunt
1804 950 1982 1037 apud
2026 950 2377 1034 scriptores
2422 949 2889 1012 ecclesiasticos

445 1050 754 1134 plurima.
2667 1107 2677 1124 .-

625 1152 840 1216 Fictio
898 1153 1362 1218 vocabulorum
1415 1155 1485 1218 in
1540 1161 1929 1220 —mentum
1988 1153 2418 1219 desinentium
2464 1152 2890 1238 scriptoribus

452 1253 637 1318 Afris
683 1255 1194 1320 celebratissima
1239 1262 1380 1322 erat
1421 1278 1941 1344 magnopereque
1986 1258 2177 1322 huius
2204 1257 2629 1335 formationiS,
2661 1260 2887 1339 utpote

451 1379 618 1442 quae
676 1377 786 1421 ore
851 1355 1243 1442 proferenda
1300 1365 1470 1426 esset
1525 1361 1850 1445 pleniore,
1911 1381 2065 1424 usus
2126 1361 2217 1424 eis
2275 1360 2569 1424 arrisisse
2616 1358 2887 1435 videtur,

449 1481 596 1524 cum
641 1461 990 1545 scriptores
1043 1463 1296 1528 romani
1351 1484 1473 1549 pro
1525 1464 1891 1530 nominibus
1950 1464 2018 1527 in
2072 1463 2245 1526 hunc
2287 1462 2549 1529 modum
2593 1460 2887 1543 figuratis

448 1563 827 1649 plerumque
871 1562 1277 1628 substantiva
1321 1572 1639 1649 ponerent
1677 1568 1966 1631 eiusdem
2009 1566 2251 1650 stirpis,
2298 1564 2412 1629 sed
2443 1564 2634 1628 aliter
2672 1565 2887 1628 termi-

447 1672 624 1746 nata,
657 1666 858 1730 veluti
886 1666 1062 1730 haud
1091 1687 1242 1736 raro
1273 1667 1389 1731 illa
1416 1677 1818 1755 usurpantur
1845 1690 1965 1756 pro
1990 1667 2339 1732 abstractis
2362 1668 2429 1729 in
2454 1667 2633 1730 —tio
2659 1665 2890 1730 caden-

449 1769 624 1834 tibus
671 1767 781 1851 (cf.
831 1767 984 1833 ott..
1015 1769 1058 1832 1.
1105 1790 1156 1832 c.
1212 1791 1276 1855 p.
1338 1770 1514 1856 781).
1605 1774 1742 1836 eius
1797 1772 2051 1854 generis
2108 1769 2284 1854 apud
2326 1769 2684 1854 Apuleium
2727 1769 2890 1853 pris-

448 1891 596 1936 cum
639 1871 920 1936 habetur
965 1870 1622 1939 inhonestamentum
1653 1875 1911 1960 (Erdm.
1956 1897 2021 1960 p.
2072 1875 2180 1959 13)
2222 1872 2302 1938 de
2332 1893 2501 1954 mag.
2538 1875 2574 1934 3
2608 1869 2887 1936 Gracch.

449 1973 629 2060 apud
672 1973 832 2038 Isid.
879 1979 937 2054 2,
986 1979 1088 2038 21.
1176 1975 1592 2040 inhonestare
1653 1982 1753 2042 est
1807 1977 1985 2063 apud
2048 1975 2168 2042 Ov.
2216 1975 2384 2038 trist.
2438 1976 2501 2053 4,
2549 1977 2652 2053 89,
2706 1973 2889 2036 inho-

444 2082 664 2140 nestas
730 2076 910 2140 Tert.
973 2076 1119 2141 adv.
1179 2077 1325 2142 Iud.
1376 2084 1474 2159 14,
1533 2080 2100 2144 honestamentum
2158 2076 2411 2142 Arnob.
2474 2081 2533 2156 2,
2596 2079 2682 2138 48
2725 2082 2888 2139 extr.

447 2177 1094 2243 dehonestamentum
1153 2178 1311 2245 Sall.
1372 2183 1550 2268 apud
1619 2181 1789 2248 Gell.
1856 2188 1924 2262 2,
1972 2187 2073 2262 27,
2140 2185 2177 2244 2
2190 2225 2225 2259 ,·
2255 2178 2408 2244 Tac.
2453 2178 2605 2242 hist.
2657 2181 2729 2256 4,
2790 2181 2889 2258 13,

447 2281 678 2344 Iustin.
726 2286 836 2362 28,
902 2287 972 2366 2,,
1019 2287 1092 2361 8;
1151 2284 1264 2348 sed
1317 2284 1452 2348 iam
1507 2284 1851 2348 Koziolius
1906 2290 2080 2348 recte
2136 2284 2341 2348 sensit
2398 2283 2490 2367 (p.
2548 2281 2703 2366 310)
2765 2280 2888 2343 hoc

443 2383 830 2450 vocabulum
870 2382 1068 2450 fuisse
1112 2384 1399 2468 vulgare.

617 2485 845 2550 —ium
888 2488 1104 2552 variae
1147 2490 1430 2554 notionis
1477 2495 1542 2554 et
1585 2488 2022 2568 derivationis,
2069 2487 2149 2551 cf.
2193 2486 2517 2556 Roensch.
2562 2508 2626 2572 p.
2660 2489 2743 2548 28
2788 2505 2881 2570 sq.

441 2590 838 2655 concubium
884 2591 1082 2675 Apul.
1149 2598 1300 2657 met.
1361 2598 1400 2657 2
1419 2641 1435 2673 ,
1500 2597 1580 2657 25
1631 2598 1738 2674 „et
1781 2613 1910 2657 nox
1953 2596 2259 2679 provecta
2303 2595 2369 2654 et
2410 2611 2538 2654 nox
2581 2589 2777 2653 altior
2822 2594 2889 2651 et

443 2693 592 2757 dein
637 2695 952 2760 concubia
991 2696 1225 2759 altiora
1271 2701 1336 2759 et
1377 2696 1508 2760 iam
1551 2717 1680 2760 nox
1723 2696 2177 2780 intempesta“.
2266 2692 2537 2780 pluralis
2582 2711 2885 2765 numerus

443 2795 635 2859 huius
679 2797 975 2861 vocabuli
1020 2798 1183 2863 alias
1228 2818 1357 2862 non
1403 2804 1753 2883 comparet,
1800 2798 2194 2879 singularem
2222 2797 2425 2862 habet
2451 2794 2667 2860 Plaut.
2703 2793 2883 2857 Trin.

445 2900 506 2976 4,
557 2902 616 2979 2,
661 2901 776 2977 44;
824 2898 1001 2964 Serv.
1049 2901 1154 2965 ad.
1188 2901 1386 2982 Verg.
1418 2899 1589 2965 Aen.
1624 2905 1682 2981 2,
1731 2906 1858 2965 268
1890 2898 2208 2965 Varronis
2242 2897 2657 2964 canticinium
2686 2894 2884 2959 verbo

450 3001 834 3066 concubium
875 3002 1182 3067 illustrat.
1258 3002 1622 3067 seminium
1665 3004 1883 3085 ddgm.
1930 3003 2104 3067 Plat.
2156 3008 2211 3083 1,
2263 3006 2371 3081 16;
2433 3005 2491 3081 2,
2537 3004 2617 3063 26
2662 2999 2885 3062 Plaut.

440 3103 580 3167 Mil.
628 3108 688 3185 4,
754 3109 813 3185 2,
875 3108 983 3185 68,
1045 3104 1242 3169 Lucr.
1301 3110 1360 3185 3,
1425 3109 1568 3185 742,
1626 3105 1844 3171 Varro
1888 3128 1940 3169 r.
1986 3128 2038 3169 r.
2083 3112 2141 3186 2,
2193 3110 2225 3169 1
2272 3126 2333 3189 p.
2387 3107 2529 3182 160,
2577 3100 2756 3165 Tert.
2804 3099 2885 3163 de

442 3208 826 3291 praescript.
876 3207 1123 3271 haeret.
1171 3211 1284 3284 333
1329 3207 1468 3271 ital.
1515 3208 1819 3288 seminio,
1866 3229 1993 3293 quo
2038 3207 2355 3275 vocabulo
2398 3204 2633 3269 medici
2674 3203 2883 3267 morbi

442 3311 758 3393 originem
789 3309 1174 3393 significant.
1237 3309 1785 3396 interfeminium
1816 3311 1895 3374 de
1924 3332 2092 3393 mag.
2120 3315 2205 3375 34
2236 3309 2329 3394 (N
2334 3331 2433 3373 ov.
2456 3312 2539 3372 41
2563 3306 2885 3392 pluralem

439 3434 777 3477 numerum
805 3414 1191 3500 usurpavit),
1239 3420 1435 3499 scrpt.
1467 3413 1633 3479 med.
1665 3434 1801 3478 aev.
1835 3414 2012 3498 apud
2041 3413 2457 3495 Ducangium
2489 3432 2537 3475 e.
2569 3431 2662 3487 v.;
2698 3429 2883 3473 voca-

440 3514 664 3580 bulum
710 3522 809 3581 est
853 3517 1222 3582 obscenum.

614 3618 988 3685 Adiectiva-
1023 3639 1484 3703 nonnunquam
1535 3640 1755 3685 omnes
1808 3638 2111 3683 numeros
2170 3618 2723 3683 substantivorum
2782 3638 2885 3681 ex-

444 3719 655 3802 plent3
703 3723 998 3807 exempla
1041 3722 1368 3787 sufficiant
1412 3722 1602 3786 haec:
1660 3722 2005 3787 hibernum
2059 3721 2209 3806 (pro
2253 3720 2487 3803 hiems)
2532 3720 2690 3783 Min.
2737 3720 2879 3784 Fel.

447 3824 550 3903 34,
603 3827 700 3902 11,
749 3823 926 3889 Tert.
972 3825 1115 3889 adv.
1161 3826 1366 3890 Marc.
1417 3830 1474 3906 1,
1519 3830 1550 3889 1
1602 3825 1775 3910 apol.
1822 3828 1927 3905 40,
1973 3823 2150 3890 Cael.
2184 3824 2412 3888 Aurel.
2448 3822 2666 3887 chron.
2716 3826 2776 3903 3,
2826 3827 2880 3901 1,

443 3930 482 3989 2
505 3912 938 4003 3matutinum
961 3928 1113 3993 Ital.
1137 3930 1368 4013 psalm.
1394 3933 1496 4010 29,
1518 3934 1576 4009 6,
1601 3929 1865 3993 volatile
1890 3927 2039 4013 (pro
2062 3927 2226 4013 avis)
2253 3926 2405 3991 Ital.
2431 3925 2666 3991 Matth.
2694 3929 2753 4005 6,
2781 3929 2881 4004 26,

449 4028 610 4093 Luc.
659 4034 718 4107 9,
767 4034 878 4108 583
922 4030 1058 4093 ital.
1105 4032 1370 4097 inverno
1413 4032 1688 4097 mattino
1718 4030 2010 4109 volatile;
2057 4029 2331 4096 fontana
2358 4028 2625 4115 Vopisc.
2660 4027 2879 4093 Oarin.

444 4137 522 4195 16
575 4132 824 4216 frcgall.
894 4132 1218 4215 fontaine,
1301 4134 1567 4215 collina,
1624 4134 1917 4214 iuncina,
1992 4132 2072 4197 de
2125 4133 2359 4217 quibus
2422 4131 2502 4195 cf.
2557 4132 2881 4196 Roensch.

439 4257 502 4321 p.
547 4239 696 4318 472,
743 4235 1059 4318 Draeger.
1106 4236 1148 4303 1.
1185 4257 1236 4301 c.
1273 4256 1335 4321 p.
1371 4241 1451 4300 36
1483 4258 1600 4321 sq.,
1650 4234 1789 4301 Ott.
1821 4236 1863 4299 1.
1899 4257 1951 4299 c.
1985 4256 2047 4320 p.
2085 4240 2227 4299 783.
2286 4233 2647 4320 foetutina
2679 4233 2881 4319 Apul.

437 4338 517 4403 de
562 4360 729 4422 mag.
777 4344 846 4418 8,
892 4338 1114 4405 Valer.
1160 4338 1360 4403 Prob.
1408 4338 1583 4422 apud
1631 4338 1803 4405 Gell.
1855 4344 1963 4420 13,
2020 4343 2134 4419 20,
2187 4343 2253 4417 1,
2302 4336 2533 4402 Claud.
2577 4337 2881 4402 Mamert.

438 4447 586 4507 stat.
636 4443 889 4509 animae
935 4446 994 4523 2,
1041 4446 1101 4505 9.
1175 4442 1387 4507 baxea
1433 4447 1584 4505 met.
1631 4447 1691 4522 2,
1739 4447 1841 4523 28,
1895 4442 2115 4507 Plaut.
2145 4440 2318 4505 Men.
2352 4445 2409 4520 2,
2460 4445 2518 4521 3,
2564 4444 2668 4521 48,
2702 4440 2881 4509 Tert-

447 4544 527 4611 de
573 4546 727 4612 idol.
773 4551 833 4627 8,
880 4544 962 4609 de
1003 4544 1154 4631 pall.
1202 4547 1247 4608 4
1292 4545 1539 4630 (baxa).
