3481 5121
1744 335 1823 395 21

565 539 926 600 ostentaret
971 535 1138 600 sicut
1179 535 1430 604 Fronto
1476 540 1541 599 et
1585 535 1872 619 Gellius,
1928 534 2217 620 profecto
2262 553 2404 597 eam
2447 528 2892 614 proposuisset
2932 531 3002 594 in

561 637 776 718 libris,
832 659 994 720 quos
1040 638 1408 702 hominibus
1461 639 1721 722 scripsit
1764 637 2179 704 doctioribus.
2265 637 2335 700 hi
2378 635 2549 713 enim
2594 634 2713 698 soli
2756 639 2821 698 et
2865 655 3004 698 sen-

565 741 816 821 sissent,
864 740 1019 826 quid
1067 740 1190 805 sibi
1233 739 1343 805 ille
1384 741 1708 822 voluisset,
1742 749 1807 808 et
1836 742 2196 807 doctrinam
2226 740 2425 804 talem
2453 742 2628 802 recte
2658 737 3005 801 aestimare

562 845 948 927 potuissent.
1023 843 1138 908 sed
1180 849 1256 908 ut
1296 845 1503 926 magis
1547 845 1629 910 ab
1677 847 1769 910 eis
1811 843 2201 927 temperavit
2240 843 2308 906 in
2350 841 2531 906 libris
2577 840 2689 923 qui
2728 845 2880 904 sunt
2919 828 3004 903 vde

563 948 994 1031 philosophia,
1039 948 1134 1011 ita
1177 952 1408 1010 contra
1446 947 1513 1010 in
1549 947 1773 1014 fabula
1804 949 1883 1013 de
1914 949 2097 1013 asino
2129 967 2345 1026 aure0,
2392 964 2590 1027 quam
2620 943 2703 1008 ab
2734 941 3004 1007 homini-

565 1045 685 1115 bus
731 1051 834 1114 vel
875 1049 1169 1134 plurimis
1212 1050 1494 1115 lectitari
1537 1051 1799 1115 volebat
1838 1051 2205 1132 lectumque
2248 1049 2330 1112 iri
2359 1047 2622 1126 sciebat,
2668 1045 3009 1128 usurpavit
3052 1057 3060 1064 ·

564 1153 915 1218 admodum
935 1148 940 1155 ’
959 1154 1184 1218 11111116.
1261 1153 1437 1234 (111οᾱ
1481 1174 1632 1218 vero
1671 1155 1738 1218 in
1786 1154 2041 1236 scriptis
2073 1154 2157 1217 ab
2190 1151 2619 1216 ostentatione
2650 1148 3006 1230 sophistica
3044 1159 3047 1162 ’

555 1247 760 1338 ⁸atque
815 1256 897 1321 ab
959 1255 1218 1320 humilis
1274 1257 1444 1322 vitae
1498 1256 1797 1322 sordibus
1843 1277 2047 1339 aeque
2092 1255 2389 1334 161110116,
2445 1273 2612 1338 quae
2654 1250 3005 1316 lectoribus

563 1359 971 1442 gravioribus
1019 1359 1544 1441 doctioribusque
1590 1359 1867 1424 confecit
1910 1358 1989 1424 de
2028 1355 2462 1441 philosophia,
2500 1353 2816 1419 vocabula
2846 1353 3005 1416 trita

561 1462 627 1526 111
683 1463 1004 1526 0011111111111
1062 1483 1240 1528 111016
1287 1462 1622 1545 10(111611(11,
1685 1462 1940 1527 abiecta
1985 1467 2204 1526 tamen
2248 1465 2323 1523 ut
2368 1457 2633 1523 sordida
2676 1457 2761 1520 ab
2807 1457 3006 1538 scrip-

558 1565 810 1630 toribus
861 1566 1235 1630 melioribus
1293 1587 1422 1630 non
1466 1566 1658 1648 plane
1703 1564 2033 1648 deposuit,
2094 1562 2163 1627 id
2205 1567 2549 1645 propterea
2595 1559 2839 1624 factum
2886 1565 3001 1639 est,

563 1668 735 1750 quod
809 1669 1091 1758 scriptor
1159 1670 1268 1734 ille
1343 1668 1510 1733 Afer
1578 1690 1617 1733 a
1683 1667 2147 1733 consuetudine
2222 1664 2478 1729 dicendi
2552 1663 3004 1745 scribendique

560 1772 1054 1855 provincialium
1127 1793 1394 1855 prorsus
1467 1771 1797 1836 discedere
1871 1770 2081 1835 noluit
2153 1790 2230 1833 ac
2300 1768 2575 1832 sortasse
2646 1787 2727 1830 ne
2794 1765 3008 1848 potuit

564 1874 844 1958 quidem.
914 1895 1123 1958 neque
1169 1876 1361 1940 aliter
1404 1876 1793 1958 compositos
1823 1873 2021 1938 fuisse
2050 1873 2333 1954 reliquos
2366 1871 2500 1935 eius
2530 1870 2732 1935 libros
2762 1869 3007 1932 variam

563 1976 926 2042 doctrinam
973 1979 1372 2042 continentes
1418 1978 1731 2060 suspicari
1762 1977 1932 2056 licet,
1980 1997 2125 2040 cum
2156 1976 2355 2040 etiam
2384 1973 2557 2056 apud
2588 1973 2749 2038 alios
2781 1971 3005 2053 Afros,

565 2080 676 2162 qui
707 2100 930 2144 cascae
953 2080 1295 2146 vetustatis
1321 2081 1745 2146 artificiosum
1766 2099 2238 2162 operosumque
2264 2078 2540 2142 colorem
2563 2098 2693 2140 non
2718 2081 3003 2158 captant,
3062 2071 3066 2074 ’

564 2184 733 2247 sicut
774 2183 950 2265 apud
995 2184 1343 2266 scriptores
1389 2184 1859 2248 ecclesiasticos
1908 2187 1972 2245 et
2014 2182 2069 2244 si
2112 2181 2222 2262 qui
2269 2179 2673 2262 disciplinam
2718 2179 3007 2262 aliquam

567 2285 669 2350 vel
723 2291 928 2351 artem
981 2287 1215 2351 docent
1271 2287 1423 2351 exili
1477 2285 1778 2350 dictionis
1823 2305 2055 2368 genere
2101 2283 2510 2365 evidentique
2554 2283 2826 2364 penuria
2868 2302 3007 2345 ver-

569 2389 796 2454 borum
856 2389 1033 2452 velut
1094 2388 1355 2455 Caelius
1416 2388 1845 2469 AurelianuS,
1909 2388 2166 2470 saepius
2224 2385 2541 2451 vocabula
2597 2385 3008 2449 inveniantur

567 2491 821 2574 eadem,
885 2491 1120 2555 similia
1177 2497 1350 2556 certe
1408 2493 1632 2558 multa.
1731 2512 2010 2575 namque
2068 2490 2412 2555 verborum
2469 2509 2623 2552 usus
2680 2488 2748 2551 in
2799 2488 3007 2553 literis

567 2594 834 2659 diversis
885 2594 1288 2678 temporibus
1343 2596 1411 2659 in
1467 2596 1736 2679 singulis
1790 2595 2089 2679 partibus
2146 2594 2401 2677 imperii
2447 2593 2737 2657 diversus
2783 2593 3006 2677 616111)

567 2720 732 2781 quae
776 2698 1030 2763 Romae
1083 2699 1151 2762 in
1209 2718 1503 2764 sermone
1560 2700 1957 2782 elegantiore
2013 2699 2227 2781 prisca
2278 2702 2584 2780 poterant
2638 2695 2767 2759 dici
2810 2700 3007 2777 atque

565 2801 893 2882 obsoleta,
938 2802 1098 2865 haec
1141 2800 1224 2866 ab
1271 2802 1694 2885 scriptoribus
1740 2801 1927 2867 Afris
1970 2809 2045 2867 ut
2086 2801 2245 2868 trita
2286 2798 2783 2883 municipalibus
2828 2798 3010 2861 nulla

569 2904 976 2970 dubitatione
1038 2905 1298 2969 civitate
1361 2906 1550 2986 quasi
1612 2906 2024 2970 donabantur
2083 2925 2291 2986 neque
2353 2901 2528 2986 apud
2591 2923 2699 2966 606
2762 2902 3011 2966 exoleta

567 3013 720 3072 sunt
765 3006 1068 3087 dicenda,
1116 3006 1231 3070 sed
1271 3006 1610 3087 lectorum,
1659 3009 1895 3090 quibus
1939 3008 2266 3071 destinata
2309 3011 2519 3087 erant,
2564 3004 2768 3069 indoli
2812 3009 3009 3085 atque

565 3110 712 3174 usui
771 3130 923 3173 sane
978 3108 1441 3173 convenientia.
1531 3110 1706 3191 quod
1762 3112 1965 3193 igitur
2008 3108 2330 3193 Apuleius
2374 3110 2443 3174 in
2496 3108 2682 3174 libris
2725 3107 3011 3189 reliquie,

563 3212 952 3297 praesertim
1029 3232 1191 3294 quos
1257 3212 1516 3295 scripsit
1581 3218 1655 3276 ut
1718 3217 2085 3277 tererentur
2150 3212 2449 3277 manibus
2516 3212 2847 3275 hominum
2914 3207 3016 3273 vel

566 3316 1011 3399 plurimorum,
1047 3316 1361 3380 vocabula
1391 3336 1558 3399 quae
1589 3316 1805 3398 prisca
1836 3316 2046 3379 solent
2076 3315 2205 3379 dici
2236 3315 2392 3379 satis
2426 3314 2631 3377 multa
2652 3312 3011 3395 usurpavit,

565 3418 636 3484 id
686 3418 819 3483 iam
872 3440 1002 3484 non
1060 3419 1362 3485 videatur
1419 3440 1558 3483 esse
1610 3419 1865 3483 mirum.
1956 3424 2153 3500 atque
2199 3438 2279 3481 116
2325 3417 2534 3481 016110
2578 3414 2839 3498 quidem
2877 3414 3012 3495 illa,

569 3543 764 3604 quam
816 3545 934 3607 pro
992 3544 1060 3587 66
1111 3522 1372 3605 scripsit
1429 3522 1510 3586 de
1551 3522 1767 3604 magia
1811 3522 2003 3605 plane
2048 3522 2139 3585 eis
2186 3525 2392 3601 caret,
2448 3520 2569 3583 etsi
2614 3519 2839 3601 negari
2884 3540 3016 3583 non

569 3630 782 3705 potest
825 3647 967 3690 eam
1011 3626 1383 3692 urbanitate
1429 3624 1713 3708 quadam
1744 3645 1879 3689 esse
1911 3624 2096 3707 quasi
2128 3624 2501 3689 coloratam.
2576 3643 2775 3705 quam
2804 3622 3016 3704 ipsam

571 3726 1006 3793 urbanitatem
1058 3729 1248 3793 nimis
1305 3727 1614 3792 admirati
1671 3727 1964 3791 nonnulli
2009 3747 2351 3809 perperam
2394 3731 2786 3809 putaverunt
2830 3725 3016 3808 Apu-

572 3827 767 3892 leium
823 3833 1150 3915 vocabula¹
1175 3832 1446 3914 antiqua
1489 3830 1589 3895 vel
1633 3829 1929 3912 vulgaria
1984 3829 2065 3893 ab
2124 3829 2247 3894 hac
2289 3829 2583 3895 oratione
2626 3829 3017 3911 relegavisse

570 3936 766 4012 atque
810 3952 850 3995 a
893 3935 1117 4016 quavis
1169 3934 1330 4000 artis
1383 3933 1733 3998 iactatione
1790 3931 2257 4017 abstinuisse.²)
2356 3952 2637 4014 namque
2692 3932 3017 4015 Apuleius

571 4072 738 4080 ——....

747 4136 790 4202 1)
829 4135 946 4189 Cic.
999 4136 1159 4189 Brut.
1205 4139 1295 4203 46,
1356 4138 1482 4203 171,
1533 4135 1907 4191 Schuchardt.
1955 4136 1990 4189 1.
2030 4152 2077 4189 c.
2113 4136 2145 4189 I
2178 4154 2231 4205 p.
2270 4137 2363 4203 34;
2414 4136 2479 4189 cf.
2531 4136 2702 4189 etiam
2737 4133 2879 4187 Hor.
2925 4151 3017 4187 ars

575 4224 728 4290 poet.
764 4226 832 4275 70
868 4239 948 4289 6(1.

742 4307 788 4376 ⁹)
825 4308 1094 4363 Cavallin.
1132 4309 1169 4363 l.
1203 4326 1248 4362 c.
1273 4327 1326 4377 p.
1351 4312 1418 4363 12
1444 4328 1558 4379 sq.;
1597 4312 1798 4363 contra
1834 4326 1899 4363 ea
1934 4326 2119 4377 pauca
2153 4309 2293 4362 haec
2328 4308 2536 4376 respici
2572 4308 2765 4361 iubeo:
2804 4305 3019 4360 dividia

565 4413 612 4449 0.
649 4398 733 4461 28,
771 4395 980 4449 facetia
999 4397 1082 4461 56,
1119 4395 1310 4465 fugela
1345 4398 1428 4462 98,
1465 4397 1658 4466 gumia
1677 4397 1761 4461 57,
1799 4396 2358 4450 inhonestamentum
2378 4397 2427 4461 3,
2449 4393 2897 4448 interfeminium
2933 4394 3017 4457 34,

562 4484 715 4537 lurco
771 4483 856 4548 57,
893 4499 1116 4536 maccus
1153 4486 1236 4549 81,
1274 4483 1730 4537 mendicabulum
1785 4484 1869 4548 22,
1926 4499 2115 4535 ossum
2168 4484 2253 4546 49,
2294 4480 2576 4549 capularis
2616 4482 2698 4546 66,
2736 4480 2875 4533 illex
2931 4481 3016 4543 31,

567 4569 885 4639 morigerus
926 4570 1005 4635 14,
1041 4586 1246 4639 perpes
1284 4570 1368 4635 73,
1405 4570 1891 4638 postremissimus
1926 4571 2011 4635 89,
2058 4569 2437 4638 propudiosus
2474 4568 2556 4633 75,
2598 4566 2890 4636 vulgarius
2939 4567 3020 4630 12,
