3481 5121
1724 307 1803 366 15

535 503 791 571 affectet
835 506 1323 589 semipoeticum
1355 507 1652 571 dictionis
1683 529 1904 591 genus,
1978 509 2151 574 idem
2180 507 2315 574 fere
2346 508 2552 574 visum
2584 515 2682 574 est
2714 506 2973 576 Ouden-

535 610 760 693 dorpio
806 610 1136 674 Bosschae
1191 609 1670 677 Hildebrandio
1730 612 1821 696 (p.
1883 611 2075 676 XIX
2121 612 2272 677 edit.
2320 612 2578 697 major.)
2664 615 2973 678 recentio-

528 734 760 794 resque
803 712 1138 776 literarum
1180 712 1532 776 latinarum
1578 713 1892 779 historiae
1938 716 2287 796 scriptores
2332 715 2501 778 hanc
2542 735 2679 778 rem
2710 718 2967 779 omnino

531 836 660 879 non
703 822 1143 897 respexerunt,
1207 817 1343 879 sine
1407 815 1604 880 dubio
1664 818 1852 898 quod,
1906 817 2312 899 exploratam
2369 837 2512 880 eam
2565 822 2760 898 atque
2823 839 2970 882 con-

532 916 772 981 fectam
815 918 1156 1000 putabant.
1247 919 1468 1000 itaque
1511 939 1584 982 eo
1629 919 1982 984 notabilior
2030 920 2189 983 mihi
2236 921 2371 983 visa
2416 925 2482 983 et
2524 921 2593 983 in
2638 941 2833 1002 quam
2876 922 2971 983 in-

532 1021 881 1101 quirerem,
941 1041 1084 1084 cum
1141 1022 1364 1103 paucis
1427 1021 1666 1086 abhinc
1725 1023 1912 1086 annis
1970 1021 2429 1106 Liitjohannus
2488 1022 2530 1085 l.
2590 1043 2643 1086 c.
2702 1044 2971 1105 pravam

529 1129 856 1204 repeteret
900 1122 1194 1208 Buhlii1)
1241 1125 1606 1206 opinionem
1667 1129 1880 1188 ortam
1928 1145 2005 1188 ex
2059 1124 2226 1188 falsa
2269 1125 2805 1206 interpretatione
2849 1126 2974 1190 loci

529 1225 701 1287 illius
731 1225 1104 1306 Apuleiani,
1149 1247 1341 1307 quem
1387 1247 1584 1308 supra
1629 1227 1836 1308 posui.
1912 1247 2187 1308 namque
2219 1243 2347 1290 non
2380 1227 2587 1290 solum
2618 1229 2967 1291 necessitas

531 1326 708 1389 nulla
752 1333 868 1406 est,
939 1348 1068 1408 qua
1130 1349 1441 1408 cogamur
1508 1330 1703 1393 verba
1769 1329 1883 1392 illa
1952 1329 2038 1392 ad
2100 1330 2456 1412 Apuleium
2521 1328 2791 1411 referre,
2858 1329 2971 1394 sed

531 1430 746 1510 opinio
793 1431 934 1512 ipsa
979 1433 1376 1513 argumentis
1411 1433 1609 1495 everti
1639 1438 1857 1513 potest
1885 1430 2284 1495 firmissimis
2348 1432 2771 1496 certissimum
2802 1434 2970 1496 enim

533 1538 630 1594 est
676 1533 1031 1614 Apuleium
1096 1540 1320 1597 natum
1390 1555 1526 1598 esse
1591 1535 1957 1613 Madauris,
2026 1535 2093 1598 in
2151 1533 2389 1617 oppido
2446 1533 2735 1615 Africae,
2782 1541 2969 1617 patre

531 1634 830 1699 Romano
879 1637 1038 1699 satis
1085 1637 1288 1700 nobili
1331 1675 1417 1683 --
1460 1638 1672 1719 ipsum
1717 1658 1953 1700 nomen
1997 1637 2243 1700 indicat
2287 1637 2635 1719 Apeleium
2679 1639 2969 1718 genitum

529 1757 664 1800 esse
708 1738 1088 1819 parentibus
1145 1741 1430 1802 romanis
1455 1790 1469 1818 ,
1533 1777 1620 1785 ——
1674 1741 1785 1822 qui
1839 1742 1907 1802 in
1966 1739 2219 1803 colonia
2275 1739 2390 1801 illa
2444 1760 2715 1802 romana
2775 1740 2966 1803 homo

528 1840 832 1904 notabilis
879 1843 1128 1904 cunctis
1174 1842 1528 1905 honoribus
1578 1841 1833 1905 functus
1878 1847 2021 1905 erat
2050 1841 2159 1926 (cf.
2193 1842 2271 1905 de
2303 1863 2469 1923 mag.
2520 1843 2649 1925 24).
2736 1843 2965 1923 Itaque

526 1942 628 2006 vel
677 1943 828 2007 hino
870 1964 990 2026 pro
1037 1951 1214 2008 certo
1261 1944 1393 2008 fere
1438 1943 1754 2008 affirmari
1798 1951 2014 2026 potest
2056 1945 2347 2026 linguam
2383 1943 2655 2007 latinam
2686 1944 2969 2026 Apuleio

524 2044 655 2107 iam
727 2067 928 2128 puero
993 2045 1189 2110 fuisse
1264 2049 1590 2111 usitatam.
1703 2047 1871 2111 bono
1964 2046 2135 2110 enim
2217 2045 2508 2128 periculo
2596 2067 2705 2126 ea,
2797 2067 2965 2128 quae

530 2144 1041 2211 Schuchardtius
1063 2149 1116 2234 2)
1164 2149 1242 2213 de
1287 2151 1679 2232 imperatore
1725 2150 1965 2215 Severo
2014 2150 2276 2231 eiusque
2335 2169 2553 2212 sorore
2598 2147 2960 2211 contendit:

528 2267 595 2309 es
640 2247 840 2312 laesst
885 2251 1022 2314 sich
1066 2251 1235 2315 wohl
1267 2252 1539 2332 denken,
1589 2253 1738 2317 dass
1772 2253 2197 2334 eingeborene
2227 2249 2579 2315 Africaner
2609 2249 2725 2312 das
2764 2249 2963 2314 latein

526 2350 707 2414 nicht
761 2351 1044 2432 lernten,
1105 2355 1264 2418 aber
1319 2355 1524 2436 nicht,
1584 2354 1736 2420 dass
1798 2356 1864 2418 in
1919 2354 2149 2420 Africa
2208 2373 2632 2436 angesessene
2683 2351 2965 2417 Roemer

527 2451 821 2518 dasselbe
887 2455 1280 2536 verlernten,
1331 2459 1527 2521 etiam
1593 2458 1678 2521 ad
1733 2457 1977 2540 Apulei
2040 2463 2345 2540 parentes
2414 2475 2685 2537 eumque
2752 2455 2963 2537 ipsum

525 2562 800 2636 possunt
841 2558 1089 2622 referri.
1177 2580 1386 2641 neque
1432 2559 1722 2625 dubitari
1760 2566 1995 2644 potest,
2040 2560 2196 2641 quin
2228 2557 2547 2642 Apuleius
2593 2557 2964 2623 adulescen-

525 2657 700 2721 tulus
749 2658 1148 2742 Carthagine
1193 2663 1490 2744 ingenuis
1535 2664 1785 2727 artibus
1847 2663 2138 2727 eruditus
2184 2662 2285 2741 sit,
2335 2682 2481 2725 cum
2524 2661 2663 2743 ipse
2708 2662 2963 2744 saepius

528 2758 702 2823 idem
749 2767 1028 2827 testetur
1073 2764 1240 2828 sicut
1282 2764 1424 2829 flor.
1478 2770 1584 2829 18:
1637 2765 1844 2845 „hanc
1888 2787 2008 2849 ego
2053 2764 2234 2838 vobis
2276 2762 2637 2839 mercedem
2685 2762 2963 2829 Cartha-

523 2863 845 2944 ginienses
891 2866 1130 2947 ubique
1189 2868 1478 2950 gentium
1537 2868 1833 2951 dependo
1892 2889 2011 2951 pro
2068 2867 2442 2949 discipliniS,
2491 2887 2653 2948 quas
2696 2867 2764 2929 in
2806 2888 2963 2949 pue-

521 2966 676 3028 ritia
720 2987 862 3030 sum
906 2968 1083 3051 apud
1137 2990 1248 3033 vos
1307 2970 1599 3052 adeptus.
1689 2971 1929 3053 ubique
1988 2971 2157 3034 enim
2213 2990 2315 3033 me
2370 2976 2621 3033 vestrae
2682 2970 2960 3033 civitatis

527 3067 862 3132 alumnum
911 3070 1048 3134 fero
1097 3077 1256 3134 cet.“
1349 3073 1506 3135 item
1550 3093 1667 3154 pro
1714 3078 1890 3136 certo
1936 3078 2034 3135 est
2078 3072 2521 3153 accipiendum
2568 3069 2966 3153 Carthagine

521 3190 642 3234 nec
707 3192 838 3235 non
903 3172 970 3235 in
1037 3173 1183 3236 aliis
1247 3173 1518 3238 urbibus
1582 3174 1855 3238 Africae
1917 3174 2205 3256 linguam
2269 3174 2538 3238 latinam
2581 3179 2721 3237 tum
2764 3171 2961 3237 fuisse

524 3274 1038 3338 usitatissimam.
1110 3275 1248 3357 ipse
1280 3277 1450 3340 enim
1481 3276 1805 3359 Apuleius
1835 3276 2059 3357 paucis
2090 3276 2275 3341 annis
2305 3281 2651 3358 postquam
2683 3274 2960 3340 Cartha-

527 3376 742 3457 ginem
797 3378 1062 3460 reliquit
1107 3385 1180 3442 ut
1223 3377 1506 3443 Athenis
1552 3378 1765 3442 studio
1813 3379 2170 3461 sapientiae
2214 3384 2505 3458 vacaret,
2552 3400 2631 3442 ex
2676 3376 2961 3443 Graecia

521 3498 816 3542 reversus
883 3480 1056 3562 apud
1129 3478 1698 3562 Carthaginienses
1762 3502 1909 3544 cum
1972 3502 2239 3563 graecas
2296 3480 2582 3544 habebat
2637 3482 2960 3545 orationes

523 3583 661 3642 tum
703 3580 960 3646 latinas.
1052 3603 1332 3665 namque
1376 3584 1444 3646 in
1490 3584 1716 3647 eodem
1762 3584 1975 3665 capite
2005 3582 2385 3647 floridorum
2416 3582 2602 3647 dicit:
2648 3588 2753 3663 „et
2783 3589 2959 3648 secta

525 3734 776 3743 ——.-—--

696 3817 738 3884 1)
776 3817 846 3870 cf.
883 3817 1078 3871 Ersch.
1114 3823 1172 3871 et
1209 3818 1448 3873 Gruber.
1521 3821 1806 3887 encyclop.
1845 3838 1887 3873 s.
1925 3837 1975 3873 v.
2048 3820 2345 3887 Apuleius.
2418 3819 2777 3873 Erdmannus
2818 3822 2953 3889 quid

523 3900 593 3953 de
629 3902 874 3971 Apuleio
913 3907 1152 3957 senserit
1189 3923 1319 3957 cum
1366 3906 1402 3958 l.
1441 3922 1486 3957 c.
1524 3923 1574 3974 p.
1624 3907 1660 3957 4
1713 3905 1987 3958 scriberet
2023 3909 2226 3972 „atque
2273 3906 2533 3973 profecto
2580 3906 2761 3959 multa
2806 3911 2955 3969 sunt,

520 3987 581 4039 111
619 3987 820 4054 quibus
859 3989 1158 4042 dicendum
1208 3992 1316 4043 erit
1360 3992 1667 4059 Apuleium
1713 3992 1925 4044 latinae
1973 3992 2195 4059 linguae
2238 3992 2651 4059 proprietatem
2705 3993 2957 4045 nondum

519 4074 659 4125 satis
713 4074 1033 4141 percepisse
1074 4076 1313 4143 ideoque
1368 4094 1582 4130 errasse
1634 4080 1757 4129 tum
1805 4076 1865 4129 in
1928 4077 2203 4146 eligendis
2259 4082 2381 4130 tum
2435 4079 2495 4131 in
2550 4078 2955 4145 componendis

518 4160 835 4213 vocabulis“
857 4159 1025 4227 plane
1043 4162 1365 4229 perspicere
1388 4164 1648 4231 equidem
1669 4180 1782 4216 non
1808 4179 2053 4231 possum.
2116 4164 2268 4230 quod
2294 4180 2428 4217 vero
2454 4165 2574 4233 ipse
2599 4163 2954 4217 XVoelfflinus

519 4263 744 4315 quoque
780 4245 838 4298 in
877 4246 1074 4299 eodem
1114 4258 1302 4299 errore
1339 4254 1625 4313 versatur,
1664 4253 1728 4300 ut
1773 4251 1941 4316 putet
1977 4249 2285 4317 Apuleium
2332 4250 2657 4319 graeculum
2705 4250 2955 4318 linguam

518 4334 752 4386 latinam
801 4348 966 4400 aegre
1014 4332 1278 4387 didicisse
1327 4336 1417 4401 (cf.
1485 4333 1769 4404 Philologi
1816 4336 1925 4388 vol.
1970 4336 2039 4387 34
2097 4336 2281 4404 (1876)
2329 4353 2382 4403 p.
2441 4337 2589 4403 145),
2645 4335 2792 4387 haud
2838 4336 2955 4387 scio

518 4435 589 4471 an
625 4420 749 4472 iure
800 4418 1038 4471 mireris.

692 4505 738 4575 ²)
776 4504 1110 4559 vocalismus
1149 4504 1246 4557 des
1284 4504 1739 4572 vulgaerlateinS‚
1778 4505 1809 4558 I
1844 4523 1900 4573 p.
1936 4508 2019 4559 98.
