3481 5121
1689 375 1770 436 51

509 571 703 661 vulgo
739 577 977 660 legitur
1007 598 1274 665 „proras
1306 577 1649 643 detondete
1683 582 1751 643 et
1780 563 2139 663 despoliate
2162 578 2512 660 guberna“,
2545 575 2623 640 cf.
2649 597 2711 659 p.
2742 579 2821 639 76
2848 574 2947 640 ed.

509 681 587 746 L.
620 681 873 758 Muell.;
922 680 1380 746 Lachmannus
1432 701 1697 765 „proras
1729 681 2089 766 despoliato
2122 686 2187 746 et
2217 679 2562 745 detondete
2592 677 2949 762 guberna“.

508 784 824 872 dispudet
877 783 956 848 de
1015 805 1182 867 mag.
1232 788 1332 864 63,
1393 783 1611 850 Plaut.
1673 783 1914 849 Bacch.
1976 788 2033 864 3,
2082 788 2140 865 3,
2190 787 2289 864 77,
2347 783 2496 848 Ter.
2543 782 2713 847 Eun.
2781 785 2841 860 5,
2893 786 2947 861 1,

515 894 626 966 16;
675 887 1046 973 disperdere
1079 886 1255 952 Tei-t.
1299 888 1452 970 pall.
1494 891 1555 967 4,
1600 887 1773 953 Iren.
1823 892 1879 969 5,
1927 892 1986 970 6,
2032 887 2347 970 disperire
2389 885 2608 950 Plaut.
2654 885 2854 949 Poen.
2886 887 2947 962 4,

510 996 569 1071 2,
618 996 719 1072 22,
779 990 928 1056 Ter.
977 990 1223 1055 Heaut.
1272 995 1329 1072 5,
1377 997 1437 1072 2,
1490 995 1589 1074 17,
1648 990 1781 1057 Cic.
1828 1012 1961 1074 agr.
2005 995 2065 1072 2,
2113 993 2215 1069 29,
2259 989 2423 1054 Hor.
2471 992 2593 1053 sat.
2642 991 2698 1068 1,
2744 991 2803 1068 9,
2842 989 2947 1050 47.

512 1093 776 1178 inigere
817 1099 967 1158 met.
1001 1098 1062 1176 4,
1100 1098 1199 1176 12,
1232 1094 1449 1161 Varro
1491 1117 1542 1158 r.
1589 1117 1640 1158 r.
1676 1101 1734 1177 2,
1783 1099 1841 1175 2,
1893 1098 1971 1159 15
2014 1115 2077 1180 p.
2117 1098 2257 1158 168.
2332 1090 2662 1175 inurgere
2704 1094 2855 1154 met.
2886 1093 2948 1168 8,

515 1202 613 1277 10,
659 1197 852 1261 Lucr.
889 1201 947 1278 5,
994 1202 1178 1262 1033.
1249 1196 1779 1283 interstinguere
1806 1203 1957 1262 met.
1989 1201 2051 1278 4,
2088 1201 2187 1279 12,
2220 1194 2543 1279 significat
2568 1191 2949 1272 interficere,

509 1298 686 1384 apud
743 1298 938 1364 Lucr.
998 1303 1054 1380 5,
1118 1305 1239 1364 761
1300 1322 1417 1387 pro
1473 1302 1850 1384 extinguere
1911 1298 2201 1386 (ignem).
2291 1300 2635 1386 offrenare
2691 1302 2840 1362 met.
2889 1300 2948 1378 6,

519 1406 615 1482 19,
661 1400 742 1465 de
786 1423 952 1484 mag.
1002 1407 1100 1485 77,
1146 1404 1365 1469 Plaut.
1413 1403 1604 1490 Capt.
1653 1408 1710 1486 3,
1762 1408 1819 1484 5,
1870 1407 1969 1468 97.
3032 1487 3039 1492 ἡ

684 1508 741 1567 3.
811 1504 956 1569 Iam
999 1512 1205 1571 restat
1249 1506 1548 1592 denique,
1609 1514 1706 1577 ut„
1729 1507 2000 1592 antiqua
2041 1505 2375 1587 vocabula,
2431 1524 2598 1590 quae
2643 1521 2720 1566 ex
2762 1501 2947 1565 libris
3038 1497 3045 1506 '

509 1609 866 1693 priscorum
928 1609 997 1673 in
1047 1611 1463 1695 scriptionem
1517 1630 1701 1674 suam
1777 1608 2114 1673 transtulit
2172 1608 2495 1694 Apuleius
2548 1604 2949 1670 adnotemus

509 1717 704 1796 atque
758 1711 990 1778 horum
1049 1712 1308 1797 quidem
1351 1732 1656 1778 numerus
1701 1732 1829 1776 non
1885 1717 1984 1776 est
2038 1712 2133 1776 ita
2176 1730 2481 1792 magnus;
2544 1715 2809 1794 praeter
2852 1729 2949 1788 ca,

510 1834 677 1898 quae
732 1835 795 1899 p.
857 1820 938 1879 20
996 1817 1360 1901 speciminis
1414 1816 1630 1899 gratia
1687 1816 2181 1880 memoravimus
2240 1813 2487 1899 Apulei
2549 1817 2765 1877 aetate
2820 1811 2953 1875 iam

515 1917 806 1981 obsoleta
850 1917 1050 1983 fuisse
1096 1917 1360 1983 dixeris:
1410 1920 1600 1983 bucco
1642 1916 1723 1982 de
1767 1939 1936 2002 mag.
1982 1923 2085 1998 81,
2131 1915 2349 1981 Plaut.
2384 1915 2625 1980 Bacch.
2677 1920 2735 1995 5,
2787 1918 2843 1995 1,
2890 1919 2950 1996 2,

513 2020 828 2105 Pompon.
883 2026 980 2085 10.
1057 2020 1330 2085 calcitro
1369 2027 1518 2086 met.
1564 2025 1622 2101 8,
1672 2025 1774 2102 25,
1821 2020 2039 2086 Plaut.
2074 2019 2262 2084 Asin.
2296 2025 2353 2100 2,
2403 2023 2463 2099 3,
2516 2021 2612 2082 11.
2688 2016 2948 2083 dividia

515 2122 595 2186 de
637 2145 804 2206 mag.
839 2128 940 2204 28,
986 2123 1206 2189 Plaut.
1252 2122 1494 2187 Bacch.
1540 2127 1601 2204 4,
1636 2128 1736 2204 51,
1785 2125 1945 2189 Acc.
1987 2129 2068 2189 tr.
2106 2128 2226 2188 152
2270 2128 2335 2187 et
2366 2126 2510 2187 587.
2586 2120 2951 2185 exorabula

512 2225 684 2290 idem
727 2231 876 2290 sunt
918 2227 1092 2312 quod
1135 2247 1360 2313 preces
1404 2226 1544 2290 flor.
1596 2232 1694 2308 18,
1739 2227 1958 2292 Plaut.
1993 2225 2184 2291 Truc.
2225 2231 2279 2307 1,
2332 2230 2386 2308 1,
2435 2230 2493 2289 6.
2574 2244 2840 2288 maccus
2871 2221 2953 2287 de

514 2349 680 2410 mag.
726 2332 804 2392 81
825 2379 840 2410 ,
895 2329 1296 2416 Pomponius
1350 2328 1789 2414 compluribus
1841 2330 2077 2395 fabulis
2135 2329 2481 2414 inscripsit.
2562 2324 2952 2412 prolubium

513 2436 662 2495 met.
716 2436 812 2513 10,
859 2437 959 2512 21,
1004 2431 1209 2497 Naev.
1255 2453 1413 2496 com.
1463 2436 1564 2512 31,
1614 2430 1853 2497 Caecil.
1899 2437 1999 2513 91,
2047 2430 2207 2497 Αο0.
2252 2437 2335 2496 tr.
2374 2434 2515 2511 106,
2560 2429 2800 2495 Laber.
2848 2431 2949 2493 34.

491 2532 1013 2621 famigerabilis
1058 2540 1207 2600 met.
1258 2538 1313 2616 1,
1365 2539 1428 2616 7;
1489 2539 1556 2617 2,
1605 2541 1716 2616 21,
1750 2535 1967 2603 Varro
2010 2535 2051 2599 1.
2099 2534 2139 2598 1.
2186 2539 2261 2616 6,
2311 2539 2368 2617 7,
2416 2537 2516 2598 61.
2591 2538 2953 2618 vespernus

513 2646 663 2703 met.
715 2644 771 2718 3,
822 2645 883 2720 1;
937 2644 1034 2719 10,
1083 2642 1182 2718 35,
1231 2637 1450 2703 Plaut.
1497 2638 1672 2724 apud
1719 2640 1896 2704 Fest.
1943 2660 2006 2724 p.
2053 2642 2197 2717 368,
2251 2636 2328 2701 cf.
2376 2635 2537 2702 Isid.
2586 2640 2687 2716 20,
2734 2639 2793 2715 2,
2849 2637 2947 2697 14.

512 2742 826 2806 literatus
887 2743 1154 2829 propria
1225 2740 1696 2825 significatione
1778 2741 1951 2806 idem
2035 2746 2135 2805 est
2217 2738 2393 2826 quod
2461 2739 2669 2803 literis
2739 2737 2954 2824 pictus

512 2848 662 2908 met.
697 2850 755 2920 3,
793 2849 890 2925 173
937 2850 996 2925 6,
1027 2849 1101 2923 43
1145 2849 1205 2926 9,
1243 2850 1341 2925 12,
1375 2844 1594 2909 Plaut.
1623 2845 1797 2910 Rud.
1832 2850 1890 2925 2,
1920 2848 1981 2925 4,
2030 2848 2131 2909 21.
2208 2840 2439 2908 cossim
2488 2841 2756 2928 (coxim)
2801 2844 2951 2905 met.

514 2950 572 3025 3,
614 2950 668 3026 1,
695 2946 1010 3031 Pompon.
1041 2952 1178 3011 129.
1241 2946 1584 3011 curriculo
1604 2954 1757 3011 met.
1786 2953 1884 3029 10,
1921 2953 1979 3029 9,
2012 2947 2231 3011 Plaut.
2256 2946 2438 3011 Pers.
2466 2950 2524 3027 2,
2552 2950 2609 3024 2,
2641 2949 2737 3008 17.
2797 2942 2951 3008 diu-

516 3048 656 3112 tine
698 3053 850 3113 met.
899 3053 956 3129 2,
1005 3053 1103 3128 15,
1144 3048 1361 3114 Plaut.
1405 3049 1579 3114 Rud.
1619 3052 1680 3128 4,
1723 3054 1779 3129 7,
1820 3054 1916 3113 15.
1996 3048 2297 3134 largitus
2336 3053 2488 3113 met.
2536 3053 2636 3128 11,
2683 3051 2763 3111 30
2810 3045 2953 3131 (sed

513 3150 814 3216 Elmenh.
837 3157 902 3216 et
923 3151 1242 3235 Eyssenh.
1265 3150 1560 3235 largius),
1593 3150 1829 3215 Afran.
1856 3155 2001 3215 212.
2063 3150 2457 3217 mordicitus
2478 3156 2544 3215 et
2566 3149 2739 3237 apud
2764 3149 2950 3235 Apu-

511 3254 708 3319 leium
744 3253 921 3337 (met.
957 3258 1013 3333 3,
1049 3254 1160 3339 26)
1206 3259 1272 3318 et
1302 3252 1478 3340 apud
1507 3252 1820 3318 Plautum
1853 3252 2105 3339 (Aulul.
2141 3259 2199 3336 2,
2234 3259 2292 3337 2,
2325 3254 2436 3341 57)
2465 3253 2657 3320 lectio
2687 3274 2953 3340 prorsus

512 3357 792 3438 incerta,
851 3378 1023 3421 nunc
1075 3356 1443 3443 praefertur
1500 3355 1847 3421 mordicuS.
1939 3355 2116 3421 illico
2174 3356 2643 3441 significatione
2687 3357 2955 3444 propria

515 3460 709 3524 locali
749 3465 899 3525 met.
947 3464 1007 3541 9,
1054 3463 1158 3539 41,
1202 3458 1404 3525 Naev.
1454 3458 1695 3525 Caecil.
1737 3458 1901 3525 Acc.
1934 3460 2196 3525 Hemin.
2229 3460 2404 3546 apud
2432 3460 2604 3526 Non.
2638 3464 2681 3526 4
2709 3481 2772 3545 p.
2806 3464 2951 3523 325.

516 3560 793 3626 interibi
853 3561 934 3628 de
1009 3584 1177 3645 mag.
1254 3566 1366 3643 73,
1438 3561 1657 3626 Plaut.
1731 3562 1921 3629 Asin.
1978 3567 2047 3643 5,
2111 3568 2178 3645 2,
2234 3566 2348 3644 42,
2409 3562 2580 3630 Gall.
2628 3569 2695 3644 3,
2746 3568 2801 3643 7,
2851 3566 2950 3628 17.

517 3663 854 3729 arbitrari
887 3687 1005 3750 pro
1050 3664 1368 3750 inspicere
1412 3669 1563 3728 met.
1614 3669 1670 3745 3,
1719 3670 1821 3747 21,
1868 3665 2088 3731 Plaut.
2134 3665 2363 3731 Aulul.
2408 3670 2469 3748 4,
2522 3670 2576 3745 1,
2624 3672 2724 3732 21.
2800 3688 2951 3731 con-

515 3764 792 3852 cipilare
850 3767 928 3831 de
985 3789 1156 3849 mag.
1215 3771 1330 3846 96,
1389 3766 1592 3830 Naev.
1652 3788 1810 3833 com.
1874 3774 2027 3851 133,
2087 3768 2301 3834 Plaut.
2365 3769 2557 3834 Truc.
2618 3774 2685 3849 2,
2747 3774 2803 3848 7,
2851 3774 2952 3833 72.

505 3868 940 3955 praestinare
982 3874 1130 3933 met.
1184 3874 1237 3950 l,
1286 3873 1358 3949 ὃς
1409 3875 1464 3950 1,
1513 3872 1624 3948 24;
1675 3874 1731 3951 7,
1780 3876 1839 3953 9,
1885 3872 2103 3937 Plaut.
2154 3870 2345 3958 Oapt.
2388 3875 2449 3953 4,
2482 3878 2541 3954 2,
2576 3876 2677 3953 68,
2712 3872 2951 3937 Pseud.

477 3968 482 3971 ’
524 3977 580 4054 1,
628 3977 686 4051 2,
736 3976 836 4036 36.
906 3971 1322 4057 praestolare
1366 3978 1515 4037 met.
1567 3976 1626 4054 5,
1674 3978 1777 4053 20,
1821 3974 1965 4038 Liv.
2011 3973 2309 4039 Andron.
2358 3978 2460 4057 25,
2508 3974 2760 4061 Turpil.
2812 3980 2951 4040 153.

525 4073 814 4161 ruspari
848 4074 928 4139 de
971 4095 1141 4157 mag.
1187 4077 1291 4156 41,
1341 4075 1501 4140 Acc.
1550 4081 1630 4141 tr.
1676 4079 1835 4155 4413
1879 4078 2028 4158 498,
2074 4074 2252 4142 Tert.
2297 4077 2377 4142 de
2407 4079 2561 4164 pall.
2593 4083 2630 4144 2
2661 4100 2952 4165 ruspare.

517 4179 806 4243 adorare
864 4198 982 4263 pro
1042 4176 1287 4265 alloqui
1330 4184 1479 4243 met.
1529 4183 1595 4260 2,
1658 4183 1774 4256 29;
1823 4183 1891 4259 3,
1939 4182 2007 4259 3;
2049 4184 2115 4258 8,
2167 4183 2278 4259 19;
2328 4184 2435 4261 10,
2485 4186 2564 4245 12
2580 4231 2597 4263 ,
2644 4182 2724 4247 cf.
2773 4182 2951 4249 SerV.

517 4280 604 4346 ad
644 4280 840 4364 Verg.
886 4281 1056 4345 Aen.
1108 4285 1207 4363 10,
1253 4284 1398 4362 677,
1446 4279 1759 4361 „adorare
1803 4281 2127 4346 veteribus
2176 4282 2490 4368 alloqui“;
2538 4284 2739 4349 schol.
2785 4283 2951 4349 Bob.

516 4384 601 4449 ad
647 4383 780 4450 Cic.
825 4404 944 4469 pro
989 4383 1191 4448 Arch.
1238 4390 1406 4469 poet.
1460 4387 1560 4464 ll,
1611 4388 1713 4465 28,
1769 4383 1980 4463 „hunc
2022 4384 2107 4449 ad
2151 4385 2615 4472 perficiendum
2657 4387 2950 4452 adoravi:

516 4488 638 4553 hoc
689 4489 955 4554 verbum
1010 4485 1280 4551 adoravi
1337 4486 1662 4571 significat
1708 4488 2085 4554 cohortatus
2130 4494 2335 4554 sum“.
2424 4490 2504 4555 cf.
2552 4491 2750 4555 etiam
2795 4488 2951 4554 Tac.

515 4590 664 4655 hist.
740 4595 804 4673 1,
881 4595 982 4654 36.
1089 4589 1265 4656 Itala
1331 4611 1544 4674 genes.
1623 4594 1732 4674 23,
1807 4595 1863 4672 7,
1940 4594 2248 4677 „surgens
2318 4598 2539 4659 autem
2609 4592 2954 4658 Abraham
