3481 5121
1684 333 1799 395 11·

507 536 662 599 vixit
707 539 940 614 aetate,
985 534 1280 617 plerique
1322 535 1623 600 videntur
1669 536 2033 600 consentire
2052 535 2125 620 1),
2174 533 2407 616 quibus
2440 553 2631 596 curae
2664 538 2803 597 erat
2832 530 2944 596 ubi

505 642 569 701 et
615 637 875 720 quando
919 637 1035 701 illa
1081 643 1250 701 esset
1293 639 1614 718 confecta,
1671 639 1829 702 satis
1885 636 2095 702 habeo
2147 637 2523 719 repetivisse
2568 635 2941 700 testimonia

505 739 703 819 Ottii,
762 741 872 821 qui
938 740 980 803 1.
1039 761 1090 804 c.
1149 762 1212 823 p.
1273 745 1394 804 762
1449 741 1636 805 dicit:
1698 742 1831 805 und
1887 742 2003 806 wie
2065 740 2161 804 oft
2215 740 2575 822 gemahnen
2620 739 2723 803 die
2770 738 2945 803 alten

501 843 1064 924 uebersetzungen·
1108 843 1222 907 der
1281 842 1456 908 bihel
1513 844 1645 907 und
1691 844 1807 907 des
1852 844 2164 907 Irenaeus
2210 864 2293 906 an
2338 842 2615 906 Plautus
2662 840 2794 905 und
2840 841 2943 905 die

503 944 885 1009 archaische
915 945 1218 1009 literatur
1247 944 1654 1028 ueberhaupt
1699 953 1765 1010 et
1790 946 2161 1026 Roenschii,
2210 945 2322 1028 qui
2358 945 2753 1009 archaismos
2784 965 2944 1026 quos

500 1054 734 1112 vocant
809 1069 887 1111 ex
951 1047 1130 1112 Itala
1190 1047 1464 1112 afferens
1526 1049 1620 1112 ita
1692 1056 1915 1113 monet
1935 1049 2017 1133 2);
2096 1047 2200 1111 die
2263 1047 2403 1111 hier
2474 1046 2943 1130 angefuehrten

501 1151 788 1232 wenigen
833 1150 1238 1214 archaismen
1283 1150 1446 1228 sind,
1495 1151 1580 1214 da
1618 1151 1690 1234 ja
1736 1150 1868 1214 fast
1907 1149 2058 1234 jede
2104 1151 2262 1215 seite
2309 1150 2423 1214 des
2469 1150 2711 1214 buches
2744 1149 2941 1213 deren

501 1251 664 1315 viele
711 1251 1024 1332 aufweist,
1071 1275 1196 1316 nur
1240 1252 1336 1317 als
1381 1254 1698 1336 nachtrag
1743 1276 1823 1317 zu
1868 1253 2265 1317 betrachten.
2355 1259 2427 1317 ut
2472 1253 2797 1335 specimen
2828 1253 2942 1316 ali-

501 1355 677 1436 quod
743 1352 1008 1419 afferam
1069 1376 1148 1419 ex
1212 1355 1396 1419 libris
1463 1355 1883 1435 Tertulliani,
1956 1377 2099 1421 cum
2169 1375 2467 1438 expresse
2537 1355 2943 1420 contenderit

499 1457 1064 1522 Kretschmannus
1111 1458 1152 1521 1.
1201 1479 1250 1521 c.
1298 1480 1360 1540 p.
1409 1463 1446 1522 2
1495 1479 1855 1523 sermonem
1900 1459 2035 1522 eius
2067 1458 2150 1522 ab
2182 1459 2575 1540 antiquitate
2608 1479 2753 1523 esse
2790 1458 2943 1522 alie-

501 1565 755 1640 natum,
803 1560 965 1624 haec
1020 1582 1338 1642 propono:
1406 1562 1690 1625 amasius
1751 1561 1967 1625 Plaut.
2029 1559 2177 1626 OaS.
2235 1565 2304 1640 3,
2369 1566 2435 1640 1,
2504 1565 2581 1624 13
2643 1566 2708 1627 et
2762 1561 2940 1644 apud

501 1661 721 1726 Diom.
811 1685 874 1745 p.
923 1666 1046 1726 334
1090 1663 1167 1726 P.
1217 1663 1395 1727 Tert.
1443 1663 1612 1746 apol.
1663 1665 1720 1744 3,
1776 1663 2014 1727 blatire
2058 1663 2277 1727 Plaut.
2325 1662 2570 1746 Amph.
2619 1668 2686 1742 2,
2738 1667 2802 1741 1,
2862 1666 2941 1724 79

501 1763 678 1834 Tert.
725 1763 804 1828 de
849 1764 1002 1846 pall.
1053 1769 1109 1844 2,
1157 1765 1418 1829 botulus
1464 1765 1704 1830 Laber.
1754 1765 1929 1848 apud
1974 1765 2147 1832 Gell.
2199 1770 2297 1845 17,
2352 1771 2386 1828 7
2434 1765 2545 1846 qui
2591 1764 2717 1828 hoc
2758 1784 2942 1828 voca-

499 1866 724 1931 bulum
790 1865 1152 1931 obsoletum
1213 1867 1372 1932 dicit
1433 1875 1498 1932 et
1568 1869 1895 1932 maculans
1971 1891 2051 1933 ex
2115 1867 2473 1933 sordidiore
2540 1866 2717 1949 vulgi
2796 1887 2936 1946 usu,

498 1969 762 2032 Petron.
808 1971 892 2032 49
939 1969 1116 2034 Tert.
1165 1970 1335 2052 apol.
1383 1975 1420 2032 9
1466 1971 1658 2036 ieiun.
1724 1975 1786 2051 1,
1843 1967 1979 2036 ital.
2025 1972 2308 2051 badello,
2366 1970 2677 2059 induviae.
2720 1968 2941 2032 Plaut.

504 2071 678 2135 Men.
732 2076 787 2151 1,
836 2076 894 2151 3,
940 2076 977 2135 9
1025 2071 1204 2136 Tert.
1251 2073 1405 2155 pall.
1438 2077 1498 2154 4,
1547 2074 1885 2156 patagium
1927 2074 2131 2139 Naev.
2176 2080 2257 2139 tr.
2304 2078 2389 2139 48
2438 2072 2694 2158 (Ribb.)
2738 2071 2942 2154 Apul.

499 2178 649 2238 met.
698 2177 766 2253 2,
827 2178 866 2237 9
929 2173 1105 2238 Tert.
1169 2175 1322 2256 pall.
1371 2179 1406 2238 3
1456 2175 1565 2260 (cs.
1613 2176 1854 2240 Festus
1890 2199 1967 2261 .p.
2015 2182 2138 2240 221
2186 2177 2358 2242 Non.
2404 2177 2608 2240 Marc.
2655 2197 2717 2258 p.
2766 2176 2944 2260 540),

498 2297 774 2341 runcare
821 2275 986 2342 Cato
1028 2299 1078 2342 r.
1127 2299 1178 2340 r.
1225 2282 1262 2340 2
1311 2275 1524 2343 Varro
1571 2301 1622 2342 r.
1671 2301 1722 2342 r.
1776 2285 1831 2360 1,
1866 2284 1947 2349 30
1994 2279 2172 2344 Tert.
2219 2279 2377 2362 pall.
2428 2284 2465 2342 2
2492 2278 2776 2361 August.
2825 2279 2943 2343 civ.

499 2379 602 2443 dei
645 2382 706 2460 4,
751 2384 790 2442 8
835 2379 970 2443 ital.
1019 2400 1362 2444 arroncare
1410 2381 1825 2466 (vocabulum
1872 2383 2175 2466 agreste).
2266 2403 2471 2464 rupex
2515 2381 2725 2445 Lucil.
2772 2380 2945 2463 apud

501 2481 681 2545 Fest.
728 2505 790 2565 p.
841 2487 962 2545 329
1008 2482 1232 2546 Muell.
1283 2505 1331 2546 S.
1390 2505 1446 2547 v.
1504 2497 1889 2567 squarrosus
1947 2484 2125 2549 Tert.
2186 2485 2337 2569 pall.
2400 2489 2459 2563 4,
2513 2485 2697 2548 solox
2741 2483 2939 2548 Titin.

497 2584 671 2667 apud
715 2586 896 2650 Fest.
942 2608 1006 2668 p.
1057 2590 1174 2649 301
1212 2586 1390 2651 Tert.
1437 2587 1589 2669 pall.
1625 2592 1685 2665 4,
1729 2588 2203 2670 sterquilinium
2236 2588 2455 2652 Plaut.
2501 2587 2683 2651 Per-8.
2719 2592 2777 2666 3,
2812 2591 2870 2667 3,
2905 2592 2941 2651 3

501 2684 667 2751 Cato
711 2710 764 2751 r.
813 2711 864 2751 r.
910 2691 948 2751 2
987 2685 1198 2753 Varro
1257 2712 1308 2752 r.
1355 2713 1406 2753 r.
1461 2695 1516 2771 1,
1569 2694 1644 2753 13
1691 2689 1870 2755 Tert.
1930 2691 2009 2755 de
2068 2691 2285 2755 anima
2331 2695 2432 2771 32,
2478 2689 2944 2755 subverbustus

498 2789 720 2879 Plaut.
771 2790 947 2873 apud
991 2790 1167 2854 Fest.
1217 2813 1278 2873 p.
1326 2796 1450 2855 309
1497 2792 1676 2857 Tert.
1723 2792 1878 2875 pall.
1925 2797 1986 2873 4,
2034 2814 2113 2857 ex
2158 2794 2413 2877 scriptis
2460 2792 2792 2877 Cypriani,
2835 2792 2946 2873 qui

501 2893 784 2956 omnium
831 2894 1090 2957 minime
1135 2894 1356 2958 fucum
1405 2895 1715 2960 orationis
1764 2900 2082 2976 sectatur,
2146 2897 2422 2979 exempli
2476 2896 2693 2978 gratia
2734 2892 2944 2958 refero

499 3000 808 3077 acceptor
854 2995 1002 3079 (pro
1047 2997 1383 3078 accipiter)
1429 2996 1638 3061 Lucil.
1696 2998 1871 3080 apud
1932 2995 2186 3063 Charis,
2239 3005 2305 3079 1,
2362 3022 2425 3081 p.
2486 3002 2565 3061 76
2619 2998 2696 3061 Ρ.
2746 2995 2943 3079 prr.

500 3117 598 3179 ep.
647 3101 759 3176 60,
810 3101 866 3159 2.
957 3118 1190 3160 cancer
1253 3118 1395 3178 gen.
1460 3105 1669 3164 neutr.
1730 3097 1959 3162 Claud.
2026 3098 2339 3183 Quadrig.
2431 3100 2603 3183 apud
2648 3100 2941 3166 Prisc..6

500 3221 562 3283 p.
612 3203 736 3263 232
783 3198 1011 3263 Hertz.
1058 3201 1147 3287 (p.
1197 3204 1321 3263 697
1372 3200 1480 3285 Ρ.)
1534 3200 1729 3284 Cypr.
1780 3206 1941 3265 sent.
1990 3203 2179 3284 episc.
2233 3208 2311 3267 10
2358 3209 2423 3267 et
2478 3204 2545 3266 in
2592 3224 2687 3285 ep.
2732 3206 2835 3281 43,
2884 3204 2942 3265 5.

676 3422 716 3489 ¹)
752 3422 1032 3489 imprimis
1090 3421 1419 3473 nominandi
1479 3426 1610 3473 sunt
1665 3422 2018 3475 Roenschius
2080 3429 2136 3476 et
2194 3424 2399 3477 Ottius.
2472 3427 2673 3475 contra
2718 3422 2943 3476 Ottium

504 3506 774 3560 disseruit
811 3508 1105 3576 Zieglerus
1155 3507 1212 3559 in
1249 3508 1412 3559 libris
1451 3508 1652 3573 quibus
1691 3510 2004 3577 inscripsit:
2052 3511 2523 3579 Italafragmente
2562 3509 2661 3561 der
2698 3508 2944 3561 Paulini-

497 3593 664 3645 schen
716 3594 891 3646 briefe
929 3594 1094 3646 nebst
1132 3593 1580 3645 bruchstuecken
1617 3594 1773 3647 einer
1808 3596 2493 3664 vorhieronymianischen
2529 3596 2945 3664 uebersetzung

499 3676 594 3729 des
633 3686 823 3732 ersten
859 3680 1372 3733 Johannesbriefes.
1441 3680 1730 3748 Marburgi
1771 3683 1903 3735 1876
1940 3686 2021 3734 et:
2062 3682 2153 3734 die
2186 3682 2554 3735 lateinischen
2590 3671 2942 3734 bibelueb'cr-

500 3767 807 3833 setzungen
855 3783 954 3819 vor
991 3766 1372 3833 Hieronymus
1420 3765 1536 3817 und
1583 3766 1672 3819 die
1710 3766 1862 3819 Itala
1909 3768 2006 3820 des
2046 3768 2417 3837 Augustinus..
2490 3768 2749 3821 Monach.
2793 3770 2942 3820 1879.

503 3850 758 3915 quaestio
796 3850 892 3901 illa
927 3852 1176 3903 nondum
1215 3854 1303 3903 est
1341 3851 1617 3903 absoluta.
1679 3856 1809 3904 utut
1848 3871 1937 3906 res
1975 3871 2031 3906 se
2069 3855 2255 3920 habet,
2292 3856 2495 3919 versic,
2535 3855 2627 3907 vel
2664 3854 2711 3906 si
2747 3854 2941 3919 mairie,

498 3933 782 3986 versiones
837 3936 964 3987 illac
1025 3941 1280 3989 vetustae
1340 3937 1631 3991 literarum
1693 3956 1975 3992 sacrarum
2030 3940 2336 4007 plurimum
2390 3942 2584 3993 valent
2640 3940 2711 3993 ad
2766 3940 2941 3992 inter·

497 4019 842 4071 noscendum
890 4026 1079 4073 utrum
1117 4023 1452 4075 vocabulum
1493 4024 1720 4090 aliquod
1758 4024 2044 4077 exoletum
2084 4026 2256 4077 fuerit
2293 4043 2364 4078 an
2403 4026 2678 4078 usitatum
2713 4026 2769 4077 in
2811 4042 2941 4077 con-

497 4106 796 4159 suetudine
842 4107 1020 4175 vulgi,
1070 4125 1196 4159 cum
1245 4109 1437 4178 negari
1477 4113 1719 4177 nequeat
1758 4110 2063 4163 admodum
2100 4111 2305 4164 multas
2344 4128 2510 4163 voces
2550 4111 2811 4181 vulgares
2851 4127 2940 4163 eas

501 4191 814 4245 servavisse
861 4196 1028 4259 atque
1077 4194 1133 4244 in
1179 4194 1263 4246 his
1301 4195 1439 4264 ipsis
1479 4212 1584 4247 nec
1619 4213 1733 4248 non
1771 4197 1831 4248 in
1867 4196 1989 4249 aliis
2029 4198 2193 4249 rebus
2232 4214 2361 4249 cum
2400 4197 2684 4250 scribendi
2721 4197 2939 4249 ratione

495 4280 771 4333 Afrorum
809 4278 1015 4331 mirum
1053 4278 1112 4330 in
1149 4280 1378 4333 modum
1417 4283 1730 4334 convenire.

633 4364 679 4433 2)
713 4363 866 4417 Itala
910 4365 1022 4417 und
1062 4365 1323 4435 Vulgata.
1397 4367 1493 4419 das
1563 4367 1942 4435 sprachidiom
1992 4368 2093 4420 der
2139 4364 2579 4420 urchristlichen
2629 4367 2778 4420 Itala
2825 4368 2943 4420 und

495 4450 594 4503 der
639 4450 1032 4505 katholischen
1071 4450 1319 4520 Vulgata
1366 4456 1534 4505 unter
1582 4453 2159 4523 beruecksichtigung
2214 4453 2315 4506 der
2368 4454 2717 4507 roemischen
2764 4454 2943 4507 volks-

495 4536 742 4605 sprache.
815 4536 1110 4607 Marburgi
1155 4539 1284 4590 1875
1319 4556 1372 4607 p.
1410 4539 1529 4589 236.
2157 4546 2161 4551 ’
