3481 5121
1781 287 1861 347 23

601 486 832 559 horum
875 486 1300 562 artificiorum
1345 509 1546 572 genus
1593 486 1847 552 dicendi
1892 494 2183 552 veterum
2214 487 2603 552 comicorum
2646 508 2785 551 esse
2816 486 3037 550 voluit.

547 623 552 626 ·
601 594 796 673 atque
851 591 1086 675 reliqui
1145 591 1404 676 quidem
1459 593 1807 675 scriptores
1853 591 2006 656 Afri
2050 590 2438 656 calamistris
2481 589 2608 653 illis
2652 587 3040 671 Apuleianis

601 693 963 758 orationem
1006 715 1135 758 non
1177 694 1542 773 inurebant,
1590 700 1939 777 propterea
1983 692 2300 773 videlicet,
2350 693 2524 778 quod
2566 713 2831 774 prorsus
2874 692 3038 755 alias

599 816 704 860 res
750 796 1128 862 tractabant
1169 803 1236 862 et
1278 817 1318 860 a
1362 796 1598 861 fabulis
1644 797 1917 861 Milesiis
1963 802 2029 861 et
2058 817 2098 860 a
2130 796 2704 861 declamationibus
2731 795 2797 858 in
2830 800 3039 859 osten-

597 899 912 964 tationem
974 901 1372 983 compositiS,
1440 900 1664 984 quales
1735 906 1887 965 sunt
1943 898 2321 964 floridorum
2377 899 2717 984 reliquiae,
2784 897 3039 980 longius

598 1007 900 1067 remotas·
990 1003 1106 1068 sed
1153 1024 1236 1068 ne
1283 1002 1460 1085 apud
1504 1002 1622 1067 hos
1667 1003 1931 1088 quidem
1975 1002 2237 1082 desunt,
2300 1023 2467 1087 quae
2512 1023 2641 1066 non
2686 1007 2821 1065 tam
2866 1022 3041 1064 mero

599 1125 755 1169 casu
825 1107 1196 1188 provenisse
1271 1126 1466 1190 quam
1533 1107 1615 1171 ab
1683 1107 2088 1171 institutione
2155 1106 2487 1169 rhetorum
2552 1104 3041 1186 provincialium

596 1206 855 1272 fluxisse
913 1207 1336 1294 videantur.1)
1425 1209 1495 1272 in
1551 1209 1883 1273 vocabulis
1930 1229 2081 1273 vero
2129 1207 2455 1288 elegendis
2498 1206 2781 1289 Apuleio
2828 1208 3043 1271 obser-

595 1309 847 1375 vandae
903 1317 1092 1375 erant
1149 1331 1336 1376 voces
1394 1311 1618 1391 tritae,
1683 1332 1829 1374 cum
1887 1310 2256 1374 hominibus
2310 1310 2587 1374 cuiusvis
2648 1309 3043 1374 condicionis

594 1411 884 1477 fabulam
937 1414 1329 1498 scriberet.2)
1419 1421 1605 1480 erant
1661 1435 1817 1478 sane
1876 1415 1988 1499 qui
2046 1413 2469 1495 opinarentur
2482 1411 2535 1496 3)
2590 1412 2797 1476 solum
2840 1413 3043 1476 risum

521 1545 526 1548 ·
593 1515 946 1598 legentium
993 1517 1349 1598 captavisse
1391 1517 1746 1600 Apuleium
1790 1517 2054 1581 vocibus
2101 1516 2385 1595 exoletiS,
2433 1515 2546 1580 sed
2592 1517 2735 1601 quis
2779 1515 3043 1579 tandem

594 1619 904 1686 ridendus
963 1623 1130 1698 erat,
1186 1618 1507 1702 Apuleius
1569 1621 1679 1704 qui
1738 1621 1901 1684 adeo
1963 1619 2301 1699 deliraret,
2364 1625 2438 1683 ut
2480 1620 2548 1682 in
2593 1617 2831 1682 fabulis
2876 1619 3041 1682 tales

591 1722 874 1805 ineptias
941 1728 1379 1804 proponerent
1436 1723 1785 1788 lectoribus
1846 1729 1983 1787 tam
2042 1723 2259 1786 variae
2324 1722 2546 1802 sortiS,
2618 1743 2703 1794 an
2766 1721 3040 1786 fortasse

593 1826 720 1909 ipsi
763 1825 1036 1890 lectores
1082 1845 1148 1890 se
1195 1825 1496 1891 derisisse
1541 1825 1819 1908 putandi
1862 1831 2042 1905 sunt,
2090 1823 2263 1909 quod
2309 1823 2495 1888 avide
2538 1824 2827 1906 legerent
2849 1845 3039 1910 .quae
3138 1907 3145 1912 .

592 1950 721 1992 non
765 1927 1260 2010 intellegerent?
1349 1949 1743 2014 quamquam
1795 1950 1924 1992 non
1968 1929 2196 2011 ignoro
2243 1933 2497 1991 exstare
2544 1925 2933 2010 Quintiliani
2978 1933 3037 2008 8,

593 2036 664 2112 2,
718 2035 796 2094 18
838 2031 1278 2095 testimonium
1322 2031 1516 2096 fuisse
1561 2031 1813 2096 Romae
1854 2031 2145 2096 homines
2190 2029 2474 2095 moribus
2520 2036 2655 2094 tam
2702 2031 3037 2112 perversiS,

593 2139 668 2198 ut
718 2135 1060 2198 abstrusae
1112 2133 1597 2199 dialecticorum
1655 2135 2017 2199 sententiae
2076 2133 2517 2217 obscuraeque
2574 2133 3038 2215 explicationes

595 2237 919 2302 oratoriae
979 2257 1052 2300 eo
1112 2237 1320 2319 magis
1379 2237 1471 2302 eis
1529 2236 1893 2319 placerent,
1954 2257 2081 2321 quo
2140 2237 2349 2300 minus
2406 2257 2515 2300 eas
2566 2235 3037 2318 intellegerent.

502 2361 506 2366 ·
593 2338 706 2403 sed
766 2339 845 2404 de
903 2339 1336 2423 municipibus
1395 2378 1482 2388 ——
1540 2360 1821 2424 namque
1882 2340 1965 2404 ab
2023 2339 2123 2402 his
2180 2339 2337 2421 ipsis
2397 2338 2781 2421 legebantur
2838 2344 3039 2402 meta-

595 2442 1025 2524 morphoseon
1085 2442 1238 2509 libri
1292 2481 1370 2490 —
1429 2444 1619 2508 aliter
1673 2441 2095 2508 iudicandum
2153 2446 2251 2504 est
2304 2446 2500 2526 atque
2546 2440 2627 2504 de
2669 2442 3038 2507 hominibus

589 2542 946 2610 fastidiosis
1006 2545 1512 2633 hebetibusque,
1591 2548 1702 2632 qui
1766 2547 1833 2610 in
1900 2545 2113 2628 capite
2173 2545 2429 2627 imperii
2490 2545 2741 2627 romani
2804 2543 3037 2609 falsam

590 2646 970 2713 affectantes
1031 2649 1392 2715 doctrinam
1453 2672 1530 2714 ea
1587 2656 1661 2714 ut
1721 2650 1978 2732 potiora
2038 2647 2482 2727 sectabantur,
2548 2668 2713 2732 quae
2770 2654 3037 2731 propter

589 2750 1054 2817 obscuritatem
1122 2753 1450 2839 quandam
1513 2753 1827 2817 maiorem
1889 2752 2224 2816 doctrinae
2286 2772 2445 2833 prae
2504 2771 2571 2814 se
2635 2750 2803 2815 ferre
2866 2751 3035 2815 vide-

588 2853 831 2919 bantur
882 2857 1179 2937 speciem.
1269 2878 1415 2921 cum
1473 2855 1576 2919 his
1631 2877 1783 2919 vero
1838 2854 2091 2938 Apulei
2142 2853 2514 2919 fabularum
2568 2854 2860 2918 narratio
2904 2876 3034 2917 non

591 2962 690 3021 est
753 2959 1212 3040 comparanda.
1308 2959 1619 3041 captabat
1675 2957 1786 3021 ille
1830 2958 2031 3022 risum
2076 2958 2368 3022 oratione
2412 2956 2635 3021 festire
2680 2958 3037 3039 composita

585 3060 870 3143 iocisque
932 3059 1193 3125 fabulae
1253 3061 1420 3127 belle
1478 3060 1768 3140 insertiS,
1833 3062 2093 3124 minime
2153 3082 2301 3124 vero
2366 3062 2601 3124 eximia
2644 3060 2841 3143 prisci
2904 3076 3033 3124 ser-

591 3164 802 3227 monis
861 3163 1160 3229 doctrina
1206 3184 1562 3246 vocumque
1607 3184 1837 3246 prosus
1896 3162 2297 3227 exoletarum
2341 3161 2780 3227 venditatione
2836 3168 3035 3244 atque

770 3404 813 3473 ¹)
851 3403 1110 3470 exempla
1155 3400 1440 3455 sufficient
1487 3401 1624 3454 duo:
1678 3401 1831 3454 Tert.
1881 3402 1951 3455 de'
1998 3403 2128 3471 pall.
2166 3404 2199 3455 5
2238 3420 2369 3472 ege,
2414 3402 2619 3471 inquit,
2659 3444 2671 3455 .
2708 3444 2720 3455 .
2760 3443 2772 3455 .
2812 3403 3033 3457 canales

589 3506 708 3543 non
749 3490 927 3543 odoro
968 3487 1244 3543 cancellos
1281 3504 1396 3540 non
1432 3487 1622 3553 adoro,
1659 3488 1927 3541 subsellia
1962 3505 2077 3541 non
2112 3486 2415 3555 contundo,
2452 3490 2577 3542 iura
2601 3506 2715 3542 non
2740 3490 3033 3543 conturbo·

593 3576 762 3645 Gypr.
817 3576 888 3629 de
951 3576 1089 3644 laps,
1145 3577 1201 3627 6:
1257 3574 1317 3625 in
1362 3573 1586 3627 feminis
1632 3574 1815 3627 forma
1875 3574 2087 3639 fucata,
2143 3575 2452 3629 adulterati
2492 3616 2504 3628 .
2544 3616 2555 3627 .
2594 3616 2605 3628 .
2644 3575 2792 3629 oculi
2842 3575 3034 3642 capilli

591 3662 831 3716 colorati
869 3702 882 3715 .
924 3702 935 3715 .
981 3701 993 3713 .
1030 3677 1144 3713 non
1207 3660 1393 3712 iurare
1447 3662 1670 3713 tantum
1723 3664 1939 3713 temere
1992 3660 2090 3712 sed
2142 3661 2324 3714 adhuc
2376 3662 2630 3731 pejerare
2681 3662 3033 3731 praepositos

591 3748 830 3815 superbo
867 3751 1087 3801 tumore
1124 3750 1501 3801 contemnere.

765 3832 809 3900 ¹)
845 3850 987 3901 quae
1037 3832 1458 3887 Goldbacherus
1501 3832 1562 3885 in
1610 3832 1827 3899 ephem.
1874 3849 2124 3901 gymnas.
2170 3836 2339 3886 austr.
2382 3836 2514 3887 1880
2549 3852 2604 3902 p.
2644 3836 2745 3888 608
2794 3834 2937 3887 dicit
2973 3834 3033 3886 in

589 3919 1121 3985 metamorphoseon
1165 3918 1327 3973 libris
1371 3936 1477 3987 pro
1515 3918 1672 3971 miris
1708 3934 1855 3986 quae
1890 3922 2199 3971 narrantur
2232 3920 2399 3973 rebus
2437 3922 2617 3989 ipsam
2656 3921 3032 3973 elocutionem

587 4005 880 4059 insolitam
915 4004 1258 4073 magicisque
1289 4005 1458 4058 rebus
1483 4004 1919 4058 convenientem
1944 4006 2192 4073 speciem
2219 4006 2472 4059 induisse
2501 4012 2624 4059 tum
2648 4007 2770 4060 aliis
2796 4007 3031 4071 artibuS,

589 4109 734 4160 quae
779 4090 1058 4159 Apuleius
1118 4091 1470 4157 adhibuerit,
1530 4094 1653 4143 tum
1713 4091 2097 4145 obsoletorum
2145 4092 2547 4146 vocabulorum
2596 4112 2725 4157 usu,
2782 4110 2852 4145 ne
2912 4093 3032 4159 ipse

586 4179 902 4247 amplectar
955 4194 1044 4229 me
1101 4177 1343 4247 impedit
1399 4177 1705 4231 eorundem
1761 4176 1990 4229 illorum
2044 4179 2444 4232 vocabulorum
2498 4197 2630 4233 usus
2688 4178 2836 4246 apud
2893 4178 3030 4231 alios

588 4265 897 4334 scriptores
936 4263 1138 4328 Afros,
1189 4264 1283 4331 qui
1321 4262 1461 4316 nihil
1497 4263 1628 4316 miri
1668 4262 2012 4317 fabulantur.
2083 4264 2143 4317 in
2179 4266 2351 4318 meris
2389 4266 2567 4335 igitur
2602 4264 2892 4318 vocabulis
2927 4282 3032 4317 nec

586 4351 788 4421 magici
845 4350 1151 4419 quidquam
1209 4358 1296 4403 est
1349 4366 1454 4403 nec
1504 4367 1635 4402 sane
1680 4349 1967 4416 mirabile,
2021 4368 2354 4419 quamquam
2402 4352 2786 4420 frequentiore
2836 4368 3029 4405 eorum

583 4454 822 4491 numero
859 4437 1173 4490 orat-ionem
1210 4436 1417 4503 Apulei
1453 4437 1576 4491 iure
1614 4436 1821 4490 dixeris
1861 4436 2099 4490 evadere
2134 4438 2583 4493 insolentiorem.

765 4524 808 4594 ³)
848 4523 1107 4579 Cavallin
1142 4523 1177 4576 l.
1217 4538 1264 4576 c.
1299 4539 1352 4591 p.
1389 4523 1473 4576 29.
