3481 5121
1711 309 1789 370 14

519 516 845 595 peterent,
901 508 1004 576 vel
1055 519 1128 576 ut
1183 511 1585 596 singulorum
1644 512 1977 577 hominum
2033 509 2209 574 facta
2256 508 2355 575 vel
2400 511 2575 576 dicta
2618 511 2965 593 magnifica

521 616 948 694 celebrarent,
1011 617 1308 697 regiones
1362 637 1662 679 amoenas
1719 615 1820 678 vel
1875 613 2227 678 artificiosa
2286 635 2486 696 opera
2541 614 2965 696 depingerent

521 718 622 782 vel
665 717 843 781 aliud
905 716 1062 798 quid
1117 718 1491 798 laudarent,
1553 717 1728 799 quod
1786 717 1991 780 visum
2046 721 2216 780 esset
2272 716 2464 780 laude
2511 715 2794 797 dignum.
2885 736 2964 779 ex

519 827 808 903 tempore
831 839 1024 902 saepe
1046 819 1432 885 disserentes
1457 821 1773 884 tumidam
1791 820 2150 883 orationem
2166 819 2451 900 antiquis
2467 817 2901 882 locutionibus
2911 818 2962 903 1)

525 930 942 1005 veterumque
999 928 1338 1004 poetarum
1382 923 1669 986 versibus
1732 922 1878 1004 plus
1932 922 2141 985 minus
2201 921 2532 984 commode
2587 919 2965 984 infucabant

519 1045 874 1106 vocumque
941 1025 1360 1089 collocatione
1436 1023 1788 1088 artificiosa
1870 1023 2383 1106 distinguebant,
2453 1031 2527 1087 ut
2590 1023 2962 1087 universum

520 1128 642 1191 hoc
689 1126 1098 1209 eloquentiae
1141 1147 1344 1208 genus
1388 1128 1453 1190 in
1501 1127 2001 1191 ostentationem
2043 1126 2473 1208 compositum
2518 1125 2716 1189 fuisse
2763 1123 2963 1188 maiii-

523 1229 688 1292 festo
734 1234 1068 1311 appareat.
1158 1229 1452 1292 nonnulli
1509 1251 1627 1311 per
1685 1229 1971 1311 singulas
2028 1229 2221 1292 urbes
2266 1235 2577 1310 vagantes
2636 1249 2779 1291 cum
2826 1233 2967 1292 erat

529 1333 783 1396 occasio
813 1330 1170 1413 magnificis
1199 1330 1329 1394 illis
1361 1331 1939 1396 declamationibus
1972 1331 2241 1394 eximiae
2272 1331 2679 1413 eloquentiae
2704 1330 2964 1394 laudem

525 1434 945 1517 quaerebant.
1055 1433 1285 1497 horum
1343 1453 1588 1498 morem
1645 1441 1934 1498 secutum
1986 1454 2124 1497 esse
2188 1434 2544 1516 Apuleium
2601 1434 2669 1497 in
2729 1453 2966 1514 genere

510 1532 776 1600 'dicendi
832 1535 1342 1601 demonstrativo
1401 1529 1479 1600 611
1529 1536 1907 1602 floridorum
1966 1536 2257 1617 reliquiis
2316 1537 2473 1600 satis
2542 1540 2742 1618 patet.
2848 1535 2965 1599 tali

517 1640 718 1720 igitur
759 1639 1166 1702 institutione
1213 1638 1323 1702 ille
1369 1659 1522 1701 usus
1566 1647 1665 1704 est
1708 1645 2057 1720 antequam
2090 1638 2394 1702 Athenas
2425 1638 2840 1719 relinqueret,
2883 1643 2958 1700 ut

519 1743 586 1804 in
631 1742 881 1822 reliqua
929 1739 1214 1806 Graecia
1260 1749 1324 1804 et
1374 1743 1441 1805 in
1493 1742 1661 1805 Asia
1717 1741 2263 1824 peregrinaretur.
2354 1742 2421 1804 in
2466 1739 2767 1804 Africam
2810 1740 2960 1802 inde

519 1843 775 1908 rediens
822 1844 906 1907 ad
951 1849 1148 1926 caput
1187 1845 1439 1927 imperii
1483 1845 1734 1908 romani
1781 1844 2077 1907 devertit.

690 1947 840 2010 Hoc
881 1947 1023 2010 loco
1068 1947 1198 2010 iam
1243 1969 1372 2011 non
1416 1949 1540 2011 erit
1585 1947 1869 2010 ali-enum
1913 1947 1998 2009 ad
2044 1947 2433 2009 sententiam
2478 1965 2699 2008 eorum
2736 1965 2963 2026 aggre-

520 2048 606 2128 di,
653 2051 765 2132 qui
807 2049 1056 2113 Romae
1102 2050 1359 2114 demum
1391 2049 1748 2132 Apuleium
1791 2049 2081 2130 linguam
2123 2049 2397 2112 latinam
2429 2047 2736 2111 didicisse
2768 2051 2963 2128 atque

517 2156 864 2233 propterea
910 2153 977 2215 in
1020 2174 1141 2216 usu
1185 2152 1646 2217 vocabulorum
1689 2188 1778 2196 —
1830 2171 2119 2240 namque,
2166 2150 2339 2215 hunc
2393 2151 2605 2232 ipsum
2650 2149 2965 2230 spectavit

519 2251 982 2336 Liitjohannus
1028 2255 1068 2317 1.
1129 2277 1181 2318 6.
1245 2293 1330 2301 —-
1391 2261 1604 2319 certas
1667 2253 1984 2335 quasdam
2038 2253 2215 2336 leges
2272 2258 2564 2317 secutum
2610 2271 2749 2314 esse
2795 2249 2967 2314 vaffir-

519 2363 720 2420 mant.
811 2377 978 2438 quae
1024 2358 1287 2440 quidem
1333 2358 1654 2422 sententia
1697 2356 1900 2439 ipsius
1932 2354 2176 2439 Apulei
2208 2356 2599 2419 auctoritate
2644 2355 2769 2417 niti·
2795 2353 2967 2416 vide-

519 2465 658 2539 tur,
722 2480 865 2523 cum
925 2459 992 2523 in
1047 2461 1366 2542 principio
1426 2459 2033 2542 metamorphoseon
2093 2458 2257 2522 haec
2310 2457 2419 2520 ille
2464 2455 2728 2522 referat:
2787 2456 2964 2538 „Hy-

520 2567 756 2626 mettos
789 2563 1017 2627 Attica
1064 2568 1128 2627 et
1171 2562 1459 2627 Isthmos
1489 2563 1803 2646 Ephyrea
1846 2569 1911 2627 et
1943 2562 2276 2627 Taenaros
2314 2558 2677 2644 Spartiaca,
2730 2559 2957 2643 glebae

520 2664 744 2729 felices
791 2671 1126 2730 aeternum
1169 2666 1352 2730 libris
1413 2665 1807 2729 felicioribus
1855 2664 2189 2745 conditae,
2238 2685 2383 2728 mea
2428 2670 2611 2728 vetus
2654 2658 2961 2747 prosapia

523 2773 639 2831 est.
729 2767 1150 2849 ibilinguam
1177 2767 1480 2833 Attidem
1523 2768 1749 2850 primis
1792 2767 2111 2851 pueritiae
2156 2765 2495 2849 stipendiis
2541 2768 2766 2847 merui,
2811 2787 2962 2830 mox

520 2870 593 2933 in
639 2870 798 2935 urbe
837 2869 1036 2934 Latia
1079 2871 1328 2935 advena
1371 2870 1734 2935 studiorum
1784 2868 2138 2953 Quiritium
2191 2869 2563 2951 indigenam
2607 2890 2970 2933 sermonem

523 2972 953 3038 aerumnabili
1005 2973 1229 3039 labore
1275 2973 1453 3037 nullo
1497 2974 1811 3055 magistro
1858 2979 2211 3056 praeeunte
2263 2994 2604 3055 aggressus
2650 2973 2963 3037 excolui.“

521 3075 635 3139 sed
681 3077 844 3141 haec
893 3075 1070 3139 dicta
1114 3074 1436 3159 Apuleius
1487 3076 1721 3140 tribuit
1776 3074 2101 3141 Graeculo
2148 3076 2405 3140 cuidam
2451 3075 2691 3158 Luci0,
2748 3096 2967 3139 rerum

521 3199 686 3260 quae
730 3180 798 3242 in
841 3178 1064 3243 fabula
1109 3185 1478 3243 tractantur
1519 3180 1729 3261 primo
1777 3179 1965 3259 quasi
2010 3180 2235 3261 actori,
2280 3185 2343 3243 et
2388 3200 2531 3241 cum
2577 3180 2641 3242 in
2676 3184 2963 3241 extremo

519 3281 1120 3363 metamorphoseon
1193 3281 1360 3345 libro
1449 3281 1726 3363 scriptor
1783 3281 1976 3345 Lucii
2062 3282 2237 3345 illius
2296 3302 2637 3363 personam
2730 3279 2968 3341 'induat

521 3383 1018 3465 quodammodO,
1065 3384 1208 3465 ipsa
1253 3404 1420 3465 quae
1463 3383 1656 3447 modo
1702 3384 1895 3448 attuli
1941 3384 2138 3447 verba
2184 3383 2268 3445 ad
2314 3381 2669 3463 Apuleium
2728 3383 2964 3460 putant

520 3486 734 3550 omnia
777 3506 916 3549 esse
959 3484 1322 3550 referenda.
1422 3486 1583 3550 haec
1643 3506 1795 3550 vero
1860 3484 2011 3549 ficta
2072 3506 2211 3548 esse
2272 3483 2537 3565 plurimi
2598 3482 2719 3545 viri
2787 3481 2963 3545 docti

516 3586 660 3653 iamv
704 3587 956 3671 pridem
1007 3588 1482 3652 intellexerunt.
1584 3589 1901 3652 Barthius
1960 3586 2220 3669 quidem
2285 3585 2561 3670 (adverS.
2621 3583 2731 3648 lib.
2777 3587 2859 3647 46
2908 3604 2960 3647 c.

527 3694 606 3754 26
652 3690 850 3775 med.)
909 3689 1066 3754 dicit
1123 3691 1479 3774 Apuleium
1535 3690 1871 3773 splendide
1926 3690 2269 3752 mentitum
2326 3708 2463 3751 esse
2524 3688 2592 3750 in
2635 3686 2965 3769 prooemio

524 3794 623 3857 sui
670 3794 881 3876 operis
928 3793 1006 3858 de
1062 3794 1285 3877 lingua
1340 3794 1588 3859 difficili
1654 3812 2162 3874 aerumnoseque
2224 3812 2264 3854 a
2308 3811 2375 3853 se
2442 3779 2776 3873 percepta‘
2819 3810 2965 3853 cum

699 4000 743 4068 ¹)
782 3998 850 4051 cf.
889 3995 1170 4051 Lucianus
1217 3999 1428 4051 rhetor.
1478 4000 1762 4065 praecept.
1819 4012 1863 4047 c.
1912 3998 1971 4061 93
2027 3997 2117 4061 103
2170 3996 2265 4062 163
2319 3995 2600 4063 imprimis
2648 4013 2692 4048 c.
2736 3997 2814 4059 17,
2871 3994 2970 4047 ubi

523 4085 604 4137 sic
642 4101 736 4137 eos
773 4083 1006 4137 irridet:
1079 4084 1217 4153 μετὰ
1271 4083 1330 4137 δὲ
1377 4080 1661 4156 ἇπόῤῥητα
1710 4090 1799 4135 καὶ
1846 4082 1970 4143 ξένα
2018 4082 2234 4155 ῥήματα
2270 4089 2358 4135 καὶ
2397 4082 2683 4137 σπανιάκις
2718 4084 2970 4154 εἰρημένα

522 4168 630 4224 ὑπὸ
665 4168 780 4223 τῶν
823 4170 1017 4235 πάλαι,
1063 4178 1152 4223 καὶ
1200 4170 1376 4225 ταῦτα
1425 4168 1769 4240 ξυμφορήσας
1814 4164 2107 4229 ἀποτόξευε
2151 4169 2617 4241 προχειριζόμενος
2666 4166 2800 4240 πρὸς
2844 4164 2968 4221 τοὺς

524 4254 857 4325 ὁμιλοῦντας.
932 4256 1073 4311 οὕτω
1097 4258 1204 4331 γάρ
1243 4277 1304 4309 σε
1339 4252 1368 4309 ὁ
1407 4254 1536 4311 λεὼς
1571 4252 1600 4308 ὃ
1637 4254 1801 4311 πολὺς
1836 4251 2248 4325 ἀποβλέψονται
2283 4261 2371 4307 καὶ
2410 4253 2743 4323 θαυμαστὸν
2778 4250 2970 4319 ὑπολή-

522 4362 724 4413 ψονται
759 4351 848 4395 καὶ
884 4343 986 4411 τὴν
1019 4343 1280 4397 παιδείαν
1313 4340 1448 4411 ὑπὲρ
1475 4338 1666 4397 αὐτοὺς
1689 4344 1736 4393 εἰ
1770 4337 2323 4415 ἀποστλεγγίσασθαι
2345 4345 2446 4409 μὲν
2468 4340 2533 4394 τὸ
2570 4337 2970 4401 ἀποξύσασθαι

521 4428 664 4503 λέγοι
699 4451 794 4495 τις,
829 4430 893 4484 τὸ
932 4428 991 4483 δὲ
1025 4428 1155 4497 ἡλίῳ
1191 4432 1470 4503 θέρεσθαι
1496 4428 1925 4501 εἱληθερεῖσθαι,
1961 4427 2060 4481 τὸν
2082 4424 2381 4501 ἆρῤαβῶνα
2422 4425 2481 4479 δὲ
2518 4427 2831 4499 προνόμιον,
2870 4424 2971 4478 τὸν

528 4511 739 4589 ὄρθρον
776 4514 835 4569 δὲ
870 4512 1205 4587 ἀκροκνεφές.
1279 4522 1448 4571 ἐνίοτε
1473 4514 1532 4569 δὲ
1556 4522 1644 4568 καὶ
1670 4512 1830 4570 αὐτὸς
1858 4520 1999 4567 ποίει
2022 4514 2181 4567 καινὰ
2205 4520 2293 4566 καὶ
2318 4510 2584 4567 ἀλλόκοτα
2612 4509 2858 4580 ὀνόματα
2886 4528 2966 4581 sq.

2011 4589 2028 4614 0
