3481 5121
1722 353 1769 425 7,

511 553 625 617 sed
699 575 1072 636 perversum
1144 553 1454 619 iudicium
1529 553 1609 618 de
1681 554 1942 637 optimis
2011 551 2361 618 latinitatis
2426 550 2797 616 auctoribus
2859 550 2957 615 illi

509 655 837 721 faciebant
912 662 1285 740 propterea,
1367 656 1544 738 quod
1615 657 1900 721 severius
1980 656 2233 720 dicendi
2320 676 2521 738 genus
2596 653 2954 736 elegantiae

511 758 979 824 Ciceronianae
1010 780 1218 842 neque
1251 759 1427 842 apud
1455 760 1620 824 alios
1642 780 1949 823 revocare
1974 780 2182 841 neque
2204 759 2328 841 ipsi
2352 758 2607 840 assequi
2630 760 2952 840 poterant.

506 861 861 944 imperator
905 861 1313 944 HadrianuS,
1361 863 1638 926 cuiusvis
1683 861 1939 945 generis
1980 861 2195 926 laudis
2241 862 2433 925 homo
2479 858 2951 942 cupidissimuS,

509 965 706 1028 etiam
763 963 850 1028 ad
901 965 1240 1030 literarum
1295 965 1580 1030 studium
1636 965 1923 1030 animum
1981 964 2281 1029 advertit.
2372 963 2485 1027 sed
2527 962 2770 1045 optimo
2814 963 2954 1026 iure

509 1066 976 1150 Bernhardyus
1018 1068 1061 1130 l.
1110 1089 1163 1131 c.
1211 1068 1303 1132 sic
1346 1066 1426 1132 de
1473 1087 1546 1132 eo
1591 1066 1934 1131 iudicavit:
1994 1072 2171 1146 „erst
2214 1068 2303 1131 im
2346 1065 2777 1129 kaiserlichen
2820 1069 2955 1130 amt

507 1169 765 1251 begann
791 1191 862 1234 er
887 1169 1005 1234 das
1049 1175 1453 1236 versaeumte
1494 1171 1694 1234 latein
1740 1169 2213 1235 aufzunehmen
2240 1168 2488 1254 (Spart.
2522 1166 2733 1233 Hadr.
2772 1173 2827 1248 1,
2862 1167 2949 1252 3).

506 1293 636 1336 was
695 1272 884 1337 dabei
936 1272 1326 1337 herauskam
1387 1293 1586 1356 sagen
1651 1272 1756 1336 die
1812 1272 2351 1355 denkwuerdigen
2420 1276 2648 1335 worte:
2714 1271 2955 1334 amavit

506 1381 848 1458 praeterea
890 1396 1092 1458 genus
1135 1381 1461 1440 vestutum
1507 1375 1765 1440 dicendi
1809 1380 1947 1457 sq.“
2036 1395 2314 1456 namque
2357 1375 2499 1439 fieri
2544 1395 2673 1438 non
2717 1374 2951 1456 potuit,

505 1482 581 1541 ut
609 1476 990 1542 Hadrianus
1034 1483 1170 1543 tam
1217 1479 1486 1546 diversis
1529 1479 1761 1544 studiis
1803 1477 2123 1542 distentus
2154 1482 2219 1541 et
2248 1479 2436 1558 curis,
2482 1482 2722 1542 natura
2752 1482 2951 1560 atque

505 1579 725 1644 indole
771 1580 962 1645 homo
1021 1581 1238 1646 varius
1300 1603 1376 1647 ac
1428 1583 1612 1663 leviS,
1671 1581 1855 1645 brevi
1907 1586 2197 1663 tempore
2239 1581 2305 1644 in
2363 1582 2578 1645 studio
2614 1580 2953 1644 literarum

507 1681 595 1746 ad
623 1683 1605 1768 praestantissimos‘scriptores
1635 1683 1973 1748 accederet
2004 1704 2240 1765 eosque
2270 1684 2656 1748 imitaretur.
2731 1684 2951 1764 itaque

504 1783 766 1848 minime
811 1785 1177 1850 mirandum
1221 1793 1338 1869 est,
1385 1787 1559 1868 quod
1605 1807 1715 1851 eos
1759 1786 2169 1870 potissimum
2213 1785 2413 1849 libros
2458 1784 2582 1849 sibi
2608 1785 2953 1866 exquisivit

505 1887 590 1952 ad
632 1887 1009 1970 legendum,
1070 1909 1344 1971 quorum
1391 1891 1600 1954 oratio
1644 1889 1954 1953 incultior
1996 1889 2265 1971 propius
2312 1879 2651 1952 accederet
2692 1887 2777 1951 ad
2823 1908 2951 1951 ser-

502 2011 757 2054 monem
815 1991 1163 2074 vulgarem.
1270 1991 1570 2058 Ciceroni
1626 1993 1828 2075 igitur
1901 1990 2247 2071 Catonem,
2297 1990 2592 2074 Vergilio
2639 1991 2945 2069 Ennium,

507 2092 820 2158 Sallustio
864 2092 1157 2159 Caelium
1200 2095 1513 2178 praetulit
1558 2093 1807 2178 (Spart.
1853 2093 2067 2158 Hadr.
2117 2098 2215 2173 16,
2269 2093 2351 2177 1).
2434 2115 2514 2158 ex
2558 2115 2683 2176 quo
2731 2099 2949 2157 autem

503 2197 863 2278 imperator
923 2196 1226 2262 dictionis
1288 2217 1489 2279 genus
1549 2197 1765 2279 prisco
1829 2196 2041 2260 colore
2100 2195 2461 2260 infucatum
2520 2197 2708 2278 quasi
2764 2216 2950 2279 prae-

505 2298 787 2362 scribere
861 2298 1238 2379 videbatur,
1325 2298 1622 2363 celeriter
1692 2299 1882 2363 multi
1957 2299 2373 2379 exstiterunt,
2450 2298 2560 2380 qui
2634 2303 2949 2379 tanquam

504 2401 887 2482 magistrum
949 2424 1094 2466 eum
1144 2407 1468 2466 >sectantes
1525 2401 1764 2466 similia
1816 2403 2197 2467 recinerent.
2284 2402 2455 2465 inter
2500 2422 2607 2465 eos
2650 2402 2948 2485 princeps

503 2502 785 2569 habetur
827 2505 916 2569 M.
965 2503 1306 2571 Cornelius
1351 2505 1624 2587 FrontO,
1673 2505 1855 2570 cuius
1901 2503 2109 2589 culpa,
2152 2508 2379 2588 utpote
2424 2504 2536 2586 qui
2570 2503 2736 2569 Afer
2781 2509 2952 2571 esset

505 2614 702 2689 atque
747 2609 1039 2691 aequalis
1077 2608 1212 2673 fere
1257 2608 1529 2691 Apulei,
1573 2610 1854 2674 maxime
1901 2608 2169 2689 accidit,
2215 2614 2291 2671 ut
2332 2608 2471 2690 ipse
2518 2607 2839 2690 Apuleius
2881 2609 2949 2672 in

502 2710 774 2774 eandem
819 2711 1352 2776 consuetudinem
1395 2712 1645 2776 venisse
1688 2717 1973 2795 putetur,
2020 2717 2287 2794 propter
2332 2732 2528 2792 quam
2557 2710 2668 2774 ille
2698 2710 2947 2775 Romae

501 2812 694 2877 homo
741 2811 1148 2878 doctissimus
1188 2813 1541 2897 iudiciique
1570 2814 1843 2877 nimium
1872 2820 2189 2897 quantum
2220 2812 2531 2895 elegantis
2561 2813 2945 2877 habebatur.

501 2916 613 2997 qui
658 2936 802 2980 cum
847 2918 907 2980 ei
939 2917 1333 2999 contigisset,
1379 2921 1454 2980 ut
1483 2917 1611 2979 iam
1646 2916 1765 2979 sub
1795 2917 2188 2999 imperatore
2218 2915 2563 2980 Hadriano
2592 2916 2946 2980 honoribus

501 3023 566 3082 et
623 3018 856 3101 opibus
911 3026 1285 3100 ornaretur,
1344 3016 1875 3083 consuetudinem
1930 3019 2112 3082 illam
2168 3021 2506 3083 vetustatis
2565 3019 2943 3102 captandae,

500 3142 668 3205 quae
712 3127 852 3185 tum
893 3122 1170 3185 maxime
1199 3121 1520 3204 placebat,
1567 3141 1642 3185 eo
1675 3119 1999 3186 efficacius
2032 3122 2212 3185 iuvit.
2297 3120 2474 3185 facili
2504 3126 2720 3185 autem
2752 3142 2948 3204 opera

499 3225 895 3308 singularem
966 3224 1032 3287 in
1100 3245 1174 3288 eo
1242 3244 1476 3306 genere
1543 3222 1877 3288 doctrinae
1940 3225 2156 3288 locum
2210 3222 2636 3305 provinciales
2696 3223 2946 3287 Romae

499 3326 910 3407 obtinebant,
970 3347 1115 3391 cum
1170 3327 1237 3390 in
1293 3327 1642 3409 provinciis
1700 3327 1897 3390 etiam
1954 3331 2095 3392 tum
2151 3326 2536 3391 vetustiores
2596 3326 2945 3408 scriptores

496 3430 564 3494 in
633 3431 869 3496 scholis
921 3433 1384 3495 tractarentur.
1395 3429 1448 3514 1)
1536 3434 1829 3495 attamen
1897 3429 2035 3511 ipse
2088 3428 2338 3492 Fronto
2392 3427 2471 3491 de
2542 3448 2609 3492 se
2664 3433 2946 3493 testatur

499 3532 627 3615 (ep.
672 3538 731 3615 2,
775 3537 820 3598 4
861 3555 924 3617 p.
974 3533 1085 3619 54)
1133 3532 1410 3597 duorum
1455 3537 1519 3597 et
1561 3533 1795 3617 viginti
1836 3552 2152 3596 annorum
2195 3534 2408 3595 aetate
2452 3531 2713 3595 vixdum
2760 3531 2947 3615 quid-

501 3656 696 3717 quam
740 3642 1030 3701 veterum
1073 3636 1426 3701 lectionum
1470 3658 1538 3701 se
1584 3635 1994 3701 addidicisse.
2071 3655 2266 3717 quam
2311 3634 2765 3701 difficultatem
2808 3657 2947 3700 ver-

499 3736 731 3802 borum
781 3738 960 3803 haud
1014 3740 1145 3803 scio
1204 3759 1290 3803 an
1347 3760 1598 3804 mecum
1639 3740 1736 3804 ita
1778 3739 1937 3804 velis
1981 3738 2313 3821 expedire,
2368 3758 2449 3802 ne
2493 3758 2639 3803 cum
2678 3739 2946 3821 reliquis

499 3846 808 3922 pugnent,
855 3861 1022 3922 quae
1066 3842 1146 3905 de
1186 3841 1525 3906 literarum
1558 3840 1792 3907 studiis
1821 3841 2152 3906 hominum
2180 3841 2670 3923 provincialium
2699 3841 2947 3906 tradita

499 3942 897 4024 accepimus,
957 3949 1032 4007 ut
1086 3944 1484 4010 Frontonem
1540 3945 1672 4009 iam
1723 3965 1997 4028 puerum
2052 3944 2332 4009 Romam
2385 3944 2944 4027 transmigravisse

500 4049 699 4127 atque
743 4044 836 4108 ibi
879 4045 1203 4111 eruditum
1246 4068 1386 4112 esse
1432 4052 1640 4131 putes.
1717 4047 1832 4113 sed
1876 4053 2017 4113 tum
2072 4047 2173 4111 vel
2228 4046 2440 4111 minus
2485 4068 2629 4111 cum
2659 4047 2944 4131 Apuleio

497 4147 864 4230 comparari
948 4153 1164 4231 potest
1226 4156 1646 4234 veterumque
1709 4150 2139 4215 imitationem
2214 4148 2391 4233 apud
2468 4170 2613 4213 eum
2677 4168 2943 4231 prorsus

497 4249 920 4316 artificiosam
965 4249 1164 4315 fuisse
1206 4252 1551 4318 manifesto
1595 4258 1888 4336 apparet.
1978 4253 2079 4317 sin
2121 4274 2272 4317 vero
2315 4252 2383 4315 in
2423 4251 2755 4336 provincia
2798 4270 2945 4315 eum

493 4354 702 4419 literis
749 4354 1138 4419 instructum
1183 4373 1320 4420 esse
1361 4360 1580 4439 putas,
1638 4355 1866 4421 eodem
1908 4354 2102 4421 modo
2145 4353 2584 4421 aestimandus
2628 4360 2755 4434 est,
2813 4373 2942 4437 quo

672 4575 714 4645 ¹)
750 4575 818 4629 cf.
852 4591 908 4643 p.
949 4575 1013 4629 12
1049 4590 1130 4642 sq.
