3481 5121
1718 360 1759 417 6

513 561 1224 642 praestantissimorum
1268 562 1662 645 scriptorum
1707 567 1777 625 et
1816 561 2061 643 ingenii
2090 560 2489 624 fecunditate
2522 565 2589 622 et
2614 559 2969 642 praecipuo

513 684 748 744 genere
817 662 1074 728 dicendi
1139 665 1490 746 insignium
1557 663 1913 728 succedant
1972 670 2296 745 tempora,
2370 661 2607 743 quibus
2676 661 2969 725 homines

515 787 682 846 quae
725 767 852 848 ipsi
897 769 1157 849 assequi
1199 787 1330 830 non
1375 773 1650 848 possunt
1689 767 1987 830 fastidire
2030 765 2287 829 soleant
2330 771 2531 846 atque
2560 763 2647 826 ad
2676 763 2973 846 exempla

513 868 804 951 priorum
859 890 927 932 se
988 870 1320 953 applicare
1371 869 1629 947 malint,
1688 890 1835 932 cum
1890 876 1957 932 et
2012 868 2269 932 facilius
2324 866 2487 929 haec
2526 866 2865 930 imitentur
2905 872 2974 929 et

513 971 637 1052 ipsi
697 993 932 1034 novum
995 971 1326 1054 quoddam
1383 971 1722 1036 literarum
1782 992 1985 1052 genus
2045 971 2338 1054 proferre
2392 968 2758 1032 videantur.
2857 968 2973 1032 sed

517 1073 770 1136 Romae
815 1081 1078 1156 praeter
1120 1095 1526 1138 communem
1555 1075 1726 1138 hanc
1754 1074 2040 1138 omnium
2071 1074 2311 1136 artium
2340 1077 2581 1135 sortem
2612 1071 2975 1154 complures

517 1175 686 1238 aliae
753 1197 984 1240 causae
1049 1176 1533 1240 efficacissimae
1599 1184 1791 1240 erant
1854 1176 1941 1239 ad
2001 1182 2247 1261 statum
2305 1175 2647 1238 literarum
2704 1193 2973 1256 prorsus

517 1278 924 1342 mutandum.
998 1301 1150 1341 nam
1195 1286 1596 1362 quantopere
1636 1285 1785 1361 post
1824 1299 2114 1342 eversam
2145 1279 2241 1341 rei
2269 1276 2573 1360 publicae
2600 1275 2973 1340 libertatem

514 1380 658 1463 ipsa
709 1381 1022 1444 orationis
1067 1403 1326 1464 quoque
1369 1381 1674 1446 libertate
1718 1383 2082 1462 intercepta
2122 1379 2439 1444 librorum
2482 1380 2751 1462 scriptio
2792 1377 2971 1460 apud

516 1483 850 1547 Romanos
893 1483 1212 1566 impedita
1253 1485 1356 1563 sit,
1405 1483 1949 1566 quemadmodum
1977 1483 2319 1546 literarum
2347 1484 2649 1546 universa
2678 1481 2970 1545 condicio

516 1586 864 1648 immutata
926 1606 1072 1648 cum
1135 1588 1353 1649 omnia
1414 1592 1813 1649 novarentur
1826 1635 1843 1665 ,
1904 1586 2326 1649 decantatum
2386 1591 2485 1648 est
2544 1590 2745 1666 atque
2798 1584 2972 1646 inter

519 1707 739 1750 omnes
786 1688 948 1751 satis
993 1694 1264 1752 constat.
1333 1687 1421 1750 ad
1457 1689 1583 1751 hoc
1610 1687 2145 1752 damnosissimae
2174 1688 2641 1770 imperatorum
2668 1685 2971 1749 libidines

518 1809 668 1852 mox
723 1811 805 1852 ne
863 1788 948 1852 ab
1004 1790 1213 1853 literis
1273 1789 1535 1871 quidem
1595 1789 2049 1870 scribendique
2092 1790 2311 1853 studio
2365 1795 2673 1873 poterant
2728 1789 2968 1865 arceri3

521 1890 801 1972 denique
861 1874 1186 1955 urbanum
1251 1893 1497 1956 cultum
1555 1892 1897 1956 literarum
1957 1898 2175 1957 aetate
2240 1891 2565 1957 Caesarea
2624 1892 2823 1955 etiam
2885 1890 2969 1953 ab

518 1993 887 2057 hominibus
944 1994 1450 2076 provincialibus
1505 1994 1914 2058 incommodo
1970 1993 2273 2059 affectum
2327 2015 2465 2058 esse
2518 1995 2659 2058 iure
2705 1993 2964 2058 dixeris.

525 2117 604 2158 ac
645 2096 857 2178 primo
903 2096 1162 2177 quidem
1207 2119 1268 2178 p.
1303 2096 1460 2162 Chr.
1507 2119 1569 2159 n.
1617 2097 1874 2160 saeculo
1918 2098 2280 2179 priscorum
2322 2098 2711 2179 scriptorum
2754 2093 2973 2158 studia.

520 2198 772 2263 Romae
801 2198 1143 2261 cessabant
1175 2204 1239 2262 et
1276 2199 1343 2261 in
1373 2200 1695 2263 oblivione
1725 2199 2030 2263 iacebant
2044 2201 2119 2284 ¹),
2164 2221 2309 2264 011111
2339 2199 2603 2281 plurimi
2631 2198 2971 2279 antiquam

520 2300 880 2363 orationem
926 2308 1434 2381 aspernarentur
1463 2300 1639 2382 quod
1670 2307 1841 2365 esset
1867 2303 2199 2384 incompta
2228 2307 2295 2366 et
2322 2301 2610 2380 horrida,
2654 2299 2971 2382 imprimis

523 2402 772 2468 Seneca
829 2400 1283 2484 philosophus,
1347 2404 1460 2485 qui
1516 2403 1598 2467 ob
1658 2424 1800 2466 eam
1857 2405 2067 2487 ipsam
2123 2426 2262 2468 rem
2321 2402 2553 2482 Gellii,
2614 2401 2970 2466 Frontonis

523 2505 808 2568 asseclae
865 2503 1189 2567 veteribus
1233 2505 1631 2570 admirandis
1675 2506 1948 2587 addicti,
2000 2507 2069 2570 in
2110 2506 2437 2571 Noctibus
2479 2505 2725 2571 Atticis
2774 2508 2884 2585 12,
2930 2508 2969 2567 2

527 2627 745 2669 3013111
789 2607 1075 2687 suscepit
1116 2607 1697 2688 reprehensionem.
1789 2614 1855 2671 et
1896 2609 2073 2689 quod
2117 2611 2433 2674 neminem
2476 2608 2648 2693 fugit
2689 2607 2971 2673 Antoni-

523 2729 756 2772 norum
786 2714 1078 2789 tempore
1107 2710 1538 2791 provinciales
1568 2710 1860 2775 homines
1893 2713 2305 2793 antiquitatis
2334 2712 2698 2775 studiorum
2720 2710 2973 2774 Romae

524 2811 914 2893 praecipuos
978 2809 1179 2874 fuisse
1247 2812 1559 2893 cultores„
1640 2814 1813 2878 idem
1877 2814 2007 2877 iam
2075 2820 2420 2897 argenteae
2487 2836 2685 2896 quam
2748 2812 2973 2877 dicunt

526 2912 873 2976 latinitatis
945 2919 1236 2995 tempore
1309 2934 1430 2976 usu
1505 2915 1754 2979 venisse
1826 2914 2404 2982 luculentissimum
2470 2917 2661 2980 docet
2722 2916 2973 2983 Valerii

526 3014 730 3079 Probi
775 3015 1155 3097 exemplum.
1229 3014 1514 3079 secundo
1545 3037 1696 3081 vero
1724 3040 1789 3100 p.
1823 3017 1976 3083 Ohr.
2010 3041 2072 3082 n.
2104 3018 2360 3084 saeculo
2389 3018 2972 3083 vetustissimorum

527 3118 917 3199 scriptorum
1004 3117 1214 3180 cultus
1300 3120 1923 3202 provincialiumque
2005 3121 2339 3186 hominum
2423 3142 2657 3204 operae
2737 3122 2973 3185 mirum

527 3226 844 3301 quantum
900 3219 1329 3303 proficiebant
1379 3220 1631 3286 Romae
1689 3244 1833 3286 cum
1892 3224 2302 3307 imperatoris
2353 3224 2682 3289 Hadriani
2740 3222 2971 3287 studiis

527 3323 965 3386 excita-rentur
1036 3329 1101 3386 et
1170 3322 1558 3387 foverentur.
1669 3330 1867 3407 atque
1933 3326 2126 3407 vulgo
2201 3326 2462 3408 quidem
2526 3326 2689 3388 haec
2753 3322 2972 3386 studia

527 3444 830 3506 perverso
862 3424 942 3489 de
971 3430 1262 3488 veterum
1290 3426 1696 3507 praestantia
1726 3426 1963 3490 iudicio
1992 3427 2386 3508 tribuuntur,
2420 3426 2534 3490 sed
2565 3447 2683 3508 ego
2712 3430 2973 3508 praeter

526 3525 726 3589 talem
768 3526 1161 3609 opinionem,
1215 3547 1412 3608 quam
1456 3528 1841 3609 antiquariis
1886 3529 2017 3593 illis
2060 3550 2193 3593 non
2238 3528 2718 3611 denegaverim,
2774 3526 2972 3591 aliam

529 3627 852 3708 quandam
917 3650 1181 3694 causam
1244 3650 1467 3695 eorum
1522 3631 1974 3696 consuetudini
2030 3631 2352 3696 subfuisse
2411 3637 2589 3715 puto.
2692 3650 2974 3714 namque

527 3734 917 3794 vetustatem
977 3732 1075 3795 illi
1132 3754 1261 3797 non
1313 3734 1616 3798 videntur
1665 3735 2016 3799 recoluisse
2071 3720 2450 3819 propterea,
2513 3740 2589 3798 ut
2639 3734 2975 3798 literarum

529 3832 1061 3915 depravationem
1120 3844 1525 3901 removerent
1583 3838 1683 3902 vel
1740 3839 2155 3903 retardarent
2213 3838 2319 3923 (cf.
2382 3838 2755 3902 Kretschm.
2813 3836 2857 3900 1.
2919 3855 2972 3898 0.

528 3956 590 4017 p.
641 3935 737 4020 3),
800 3936 916 4001 sed
974 3938 1042 4002 in
1087 3940 1178 4003 eis
1223 3939 1521 4005 omnibus
1566 3942 2023 4007 necessitatem
2064 3942 2131 4006 in
2176 3942 2497 4006 rationem
2539 3962 2793 4005 versam
2837 3959 2975 4003 esse

530 4037 830 4121 dixerim,
889 4040 990 4104 vel
1044 4047 1118 4105 ut
1160 4043 1546 4127 Hieronymi
1595 4043 1810 4109 verbis
1859 4066 2013 4109 usus
2073 4046 2278 4129 magis
2321 4045 2662 4129 perspicue
2705 4043 2977 4124 eloquar

529 4139 598 4202 id
631 4141 807 4223 quod
838 4144 1073 4208 sentio:
1108 4144 1188 4210 de
1231 4148 1619 4211 necessitate
1643 4148 1949 4213 virtutem
1980 4148 2061 4213 ab
2094 4148 2184 4213 eis
2215 4149 2459 4213 factam
2494 4168 2631 4212 esse
2662 4146 2973 4228 suspicor.

531 4262 662 4305 non
716 4245 892 4325 quod
944 4268 1051 4311 eos
1097 4269 1316 4313 omnes
1360 4249 1568 4314 literis
1610 4249 1833 4313 latinis
1876 4272 2109 4333 parum
2154 4252 2443 4316 eruditos
2487 4249 2687 4315 fuisse
2733 4253 2973 4331 putem,
3043 4293 3048 4298 -

533 4363 679 4406 cum
737 4346 872 4410 sine
925 4347 1123 4414 dubio
1181 4351 1375 4415 etiam
1419 4350 1761 4416 meliorum
1806 4354 2193 4435 scriptorum
2244 4353 2445 4418 libros
2503 4352 2973 4435 cognovissent,

541 4491 627 4498 ᾖ

708 4565 750 4633 ¹)
785 4565 1016 4620 Petron.
1052 4570 1120 4621 88
1155 4569 1311 4624 Suet.
1346 4588 1581 4641 gramm.
1617 4573 1701 4625 24.
