3481 5121
1744 286 1826 344 38

1573 372 1682 380 --φ

725 488 1010 568 Propter
1081 431 1608 568 conipositionem
1683 509 1830 551 cum
1894 488 2370 570 praepositione
2436 486 2750 551 notabilia
2812 491 2993 548 sunt:

555 589 938 674 condignus
979 594 1128 652 met.
1182 594 1279 669 10,
1330 594 1430 669 12,
1476 590 1696 654 Plaut.
1744 591 1990 673 Amph.
2038 596 2093 671 1,
2144 594 2202 671 3,
2250 594 2353 670 39,
2397 590 2575 654 Itala
2618 588 2779 654 Τοῦ.
2828 592 2888 667 9,
2935 591 2993 666 2,

556 693 745 756 Esth.
794 696 862 772 6,
918 696 1024 771 11,
1071 692 1276 757 Mace.
1325 697 1395 771 2,
1441 697 1510 774 4,
1559 697 1669 773 34,
1714 695 1905 758 Rom.
1954 701 2020 775 8,
2059 700 2169 775 18,
2217 693 2397 758 Tert.
2442 693 2593 756 cult.
2642 691 2790 755 fem.
2838 695 2907 771 2,
2956 693 2993 750 9

556 796 699 860 adv.
745 796 948 859 Marc.
1009 800 1077 875 3,
1144 800 1200 876 7,
1260 795 1456 879 prr.
1501 818 1598 880 ep.
1650 802 1759 877 30,
1810 802 1879 876 13
1927 803 2038 876 30,
2088 802 2158 876 53
2207 801 2319 875 31,
2371 799 2600 875 1331,
2650 800 2714 874 23
2762 798 2877 872 36,
2923 799 2992 870 33

557 904 661 979 45,
712 903 770 978 3,
817 897 1069 961 Arnob.
1122 903 1176 977 1,
1230 903 1295 975 1;
1347 904 1402 979 1,
1450 903 1560 977 23;
1612 905 1667 980 1,
1715 904 1818 980 27;
1871 905 1924 981 1,
1970 905 2083 980 48;
2131 905 2189 980 2,
2242 904 2350 978 18;
2398 903 2457 978 5,
2490 902 2594 977 45,
2627 897 2739 961 alii
2772 902 2992 980 scrptt.

567 1001 740 1080 eccl„
789 1001 924 1064 ital.
959 1000 1311 1084 condegno.
1366 1009 1707 1086 pertenax
1750 1003 1945 1067 homo
1975 1004 2165 1067 valde
2208 1023 2441 1066 avarus
2474 1002 2713 1065 dicitur
2754 1006 2906 1064 met.
2937 1004 2997 1080 9,

562 1109 668 1184 14,
727 1103 948 1168 Plaut.
1015 1102 1202 1186 Capt.
1261 1109 1331 1184 2,
1377 1110 1446 1184 2,
1494 1109 1603 1184 39;
1659 1112 1857 1170 tenax
1910 1105 2381 1188 significatione
2425 1103 2719 1169 vocabuli
2763 1124 2996 1166 avarus

561 1207 929 1273 offensionis
1002 1207 1164 1270 nihil
1236 1207 1470 1287 habet,
1547 1215 1948 1294 quantopere
2023 1215 2241 1273 autem
2308 1207 2619 1272 cotidiani
2688 1207 2998 1270 sermonis

560 1309 957 1376 consuetudo
1024 1315 1089 1373 et
1151 1311 1261 1395 qui
1321 1331 1464 1376 eam
1525 1312 1808 1394 amplexi
1862 1317 2015 1376 sunt
2072 1313 2417 1394 scriptores
2475 1295 2793 1374 adiectiva
2850 1330 2997 1374 cum

567 1413 1049 1496 praepositione
1089 1419 1219 1498 per
1258 1415 1613 1496 composita
1656 1416 2123 1496 adamaverint,
2172 1413 2478 1496 exemplis
2520 1413 2996 1496 comprobatur,

559 1536 727 1600 quae
788 1515 1046 1596 collegit
1101 1513 1421 1580 Paucker.
1478 1517 1590 1580 lat.
1649 1519 1869 1602 script.
1929 1518 2080 1582 hist.
2135 1519 2310 1600 Aug.
2366 1538 2427 1599 p.
2486 1521 2599 1594 263
2670 1514 2747 1579 cf.
2800 1516 2995 1579 etiam

557 1618 728 1700 Aug.
765 1617 1032 1683 Stinner
1072 1619 1141 1680 in
1170 1616 1392 1681 libello
1422 1641 1611 1704 quem
1642 1621 1903 1705 scripsit
1932 1621 2011 1685 de
2042 1642 2137 1700 e0,
2185 1640 2313 1705 quo
2347 1617 2577 1684 Cicero
2605 1619 2673 1682 in
2706 1615 2997 1701 epistulis

556 1743 711 1786 usus
742 1727 840 1785 est
869 1741 1161 1784 sermone
1192 1719 1462 1805 (Oppol.
1502 1724 1694 1808 1879)
1726 1746 1789 1806 p.
1831 1729 1905 1788 17
1938 1747 2054 1810 sq„
2080 1723 2440 1788 Woelfflin.
2470 1724 2515 1787 l.
2555 1744 2607 1786 c.
2638 1745 2700 1805 p.
2737 1726 2878 1786 164.
2910 1759 2997 1768 —

557 1824 954 1889 deminutiva
997 1825 1361 1906 speciminis
1409 1827 1622 1908 gratia
1669 1827 1833 1891 haec
1876 1848 2191 1892 memoro:
2240 1825 2589 1890 dicaculus
2631 1831 2780 1889 met.
2831 1830 2888 1902 2,
2938 1828 2993 1902 7,

556 1928 774 1990 Plaut.
829 1927 1017 1990 Asin.
1075 1933 1145 2007 3,
1205 1932 1270 2006 1,
1331 1932 1400 2008 8,
1457 1927 1676 2010 Spart.
1735 1930 1946 1994 Hadr.
2005 1935 2118 2009 20,
2178 1935 2247 2010 8,
2309 1929 2686 1993 Einhardus
2745 1929 2812 1991 in
2865 1928 2999 1991 vita

559 2030 799 2094 Karoli
845 2031 1121 2115 (quaest.
1171 2051 1438 2111 gramm.
1487 2032 1627 2096 cod.
1675 2033 1987 2098 Bernens.
2038 2035 2103 2097 in
2145 2032 2397 2097 anecdt.
2432 2032 2695 2114 Hageni
2723 2053 2785 2113 p.
2824 2028 2995 2114 187).

440 2197 456 2216 ,
555 2132 842 2197 scitulus
898 2132 1097 2214 Apul.
1154 2139 1302 2196 met.
1364 2138 1422 2212 2,
1488 2139 1542 2214 7,
1594 2135 1815 2200 Plaut.
1872 2136 2045 2199 Rud.
2095 2142 2153 2215 2,
2204 2142 2260 2215 7,
2308 2140 2374 2211 7;
2421 2139 2482 2214 4,
2533 2139 2589 2215 1,
2636 2138 2694 2212 3,
2743 2132 2993 2198 Arnob.

561 2241 616 2316 5,
667 2241 737 2316 63
787 2241 845 2316 5,
898 2239 998 2314 31,
1047 2235 1276 2299 scitule
1319 2236 1473 2300 ibid.
1523 2242 1582 2318 3,
1630 2243 1730 2302 21.
2530 2323 2535 2328 ·

726 2338 1076 2402 Adiectiva
1148 2340 1615 2423 participialia,
1693 2363 1859 2426 quae
1930 2340 2246 2406 inclinatu
2317 2341 2717 2423 participiali
2804 2346 2996 2403 —tus

559 2441 922 2524 defigurata
981 2447 1132 2504 sunt
1177 2462 1216 2504 a
1255 2442 1656 2522 nominibUS,
1701 2445 1878 2526 apud
1924 2450 2220 2507 auctores
2264 2443 2603 2507 deterioris
2647 2442 2995 2506 latinitatis

559 2550 711 2608 sunt
783 2544 942 2609 satis
1018 2542 1434 2630 frequentia,
1499 2546 1815 2629 imprimis
1888 2568 2054 2632 quae
2125 2546 2563 2611 assimilantur
2634 2544 2995 2629 participiis

557 2647 1008 2712 declinationis
1049 2648 1316 2731 primae,
1365 2669 1531 2733 quae
1577 2650 1706 2713 illis
1751 2649 2149 2731 temporibus
2194 2651 2260 2713 in
2308 2650 2445 2714 dies
2475 2652 2681 2734 magis
2710 2649 2995 2735 reliquas

558 2749 980 2827 obscurabat3
1051 2749 1344 2834 exempla
1411 2751 1554 2815 vide
1628 2752 1802 2835 apud
1874 2752 2315 2816 Roenschium
2374 2775 2436 2834 p.
2506 2756 2625 2817 142
2694 2759 2759 2817 et
2820 2752 2995 2836 apud

560 2852 972 2917 Pauckerum
1017 2854 1133 2917 lat.
1180 2856 1398 2937 script.
1442 2854 1591 2918 hist.
1625 2854 1799 2937 Aug.
1846 2878 1907 2937 p.
1958 2855 2085 2917 25*
2132 2860 2196 2917 et
2241 2859 2387 2919 26*.
2469 2856 2804 2919 anulatus
2844 2860 2993 2919 met.

559 2960 625 3034 9,
679 2960 790 3035 12,
853 2955 1028 3038 apud
1083 2956 1394 3021 Plautum
1447 2958 1650 3021 Poen.
1711 2962 1777 3038 5,
1837 2962 1906 3036 2,
1967 2962 2045 3021 21
2096 2979 2286 3022 sensu
2330 2960 2623 3042 proprio,
2679 2958 2997 3041 Apuleius

556 3080 675 3141 pro
735 3057 1063 3141 ,compede
1121 3058 1391 3123 vinctus‘
1436 3061 1683 3143 posuit;
1742 3060 1973 3124 anulus
2018 3059 2484 3142 significatione
2530 3061 2855 3144 compedis
2901 3066 3000 3124 est

557 3160 732 3243 apud
776 3161 970 3225 Mart.
1021 3164 1078 3238 3,
1140 3165 1240 3240 29,
1301 3168 1370 3240 2;
1431 3167 1527 3242 11,
1584 3168 1685 3242 37,
1743 3168 1801 3227 3.
1892 3162 2307 3227 caesariatus
2350 3163 2430 3227 de
2474 3163 2715 3227 mundo
2763 3168 2843 3227 23
2888 3185 2997 3227 no-

554 3266 731 3329 tione
786 3264 1134 3344 translata,
1192 3264 1412 3329 Plaut.
1473 3265 1612 3329 Mil.
1671 3271 1742 3346 3,
1805 3271 1867 3345 1,
1926 3271 2003 3329 37
2060 3272 2126 3329 et
2184 3265 2363 3329 Tert.
2424 3265 2576 3348 pall.
2619 3270 2664 3329 4
2703 3267 2993 3351 propria3

553 3386 818 3450 prorsus
876 3368 968 3431 sic
1022 3372 1096 3429 ut
1140 3367 1316 3450 apud
1362 3367 1560 3449 Apul.
1621 3374 1720 3432 est
1762 3368 1831 3433 in
1875 3369 2029 3431 Itin.
2075 3368 2161 3432 A.
2206 3368 2295 3432 M.
2346 3370 2509 3454 51.1)
2601 3369 2997 3435 indusiatus

557 3473 708 3531 met.
759 3474 817 3548 8,
865 3473 967 3549 27,
1014 3468 1233 3532 Plaut.
1281 3468 1476 3554 Epid.
1530 3474 1588 3549 2,
1637 3475 1695 3550 2,
1743 3474 1845 3550 49,
1894 3472 2089 3535 Mart.
2139 3471 2301 3556 Cap.
2352 3477 2385 3535 1
2432 3472 2471 3557 ξ
2517 3476 2599 3536 65
2646 3471 2993 3537 indusiare.

557 3569 954 3655 ingeniatus
1012 3571 1151 3636 flor.
1206 3574 1266 3651 4,
1319 3576 1415 3651 18,
1461 3572 1678 3637 Plaut.
1719 3573 1858 3637 Mil.
1908 3579 1966 3654 3,
2018 3578 2071 3654 1,
2125 3578 2265 3655 136,
2311 3573 2607 3640 Chalcid.
2655 3582 2991 3643 comment.

553 3673 637 3737 ad
687 3672 853 3737 Tim.
887 3674 1059 3738 Plat.
1107 3678 1250 3754 328,
1299 3675 1596 3756 geniatus
1628 3675 1845 3762 Capit.
1877 3674 2026 3741 Ver.
2065 3682 2161 3756 10,
2197 3682 2254 3758 6,
2288 3679 2666 3759 degeniatus
2699 3677 2991 3743 Cassiod.

555 3797 686 3849 var.
737 3780 835 3856 12,
887 3780 983 3840 10.
1053 3782 1339 3841 extremo
1382 3776 1526 3841 loco
1571 3778 1813 3843 referre
1858 3779 2071 3864 placet
2117 3779 2503 3844 aeviternus
2548 3782 2714 3846 ddeo
2759 3780 2897 3847 Scr.
2932 3785 2990 3861 3,

556 3876 770 3943 Varro
814 3878 856 3942 1.
898 3879 942 3942 l.
991 3884 1048 3957 5,
1098 3886 1156 3958 2,
1202 3879 1374 3944 lusit.
1408 3880 1712 3961 eviterno,
1748 3883 1826 3945 cf.
1863 3904 1912 3946 S.
1947 3906 2001 3946 v.
2035 3884 2279 3947 aevitas
2312 3906 2373 3968 p.
2409 3888 2509 3948 34.
2584 3883 2987 3969 caelzgrenus,

555 3978 635 4043 de
689 3979 931 4043 mundo
994 3985 1026 4044 1
1083 3982 1310 4046 stellae
1367 3980 1670 4047 dicuntur
1725 3986 2120 4067 caeligenae,
2162 3985 2379 4051 Varro
2434 3988 2475 4049 l.
2521 3987 2561 4050 l.
2612 3992 2679 4067 5,
2729 3994 2837 4068 10,
2890 3992 2988 4068 19,

554 4082 802 4147 Auson.
860 4083 974 4149 ecl.
1033 4085 1112 4148 de
1166 4084 1279 4149 fer.
1332 4107 1492 4149 rom.
1554 4090 1666 4162 363
1728 4087 1905 4151 Tert.
1953 4089 2096 4152 adv.
2143 4090 2345 4153 Marc.
2395 4095 2465 4167 2,
2530 4094 2605 4153 12
2664 4092 2986 4176 aquigena

553 4191 619 4249 et
674 4186 1002 4267 terrigena
1057 4188 1381 4252 animalia.
1470 4188 1660 4252 huius
1718 4191 1973 4271 generis
2026 4192 2347 4256 adiectiva
2402 4194 2775 4277 saepissime
2818 4194 2989 4257 inter

726 4426 768 4495 ¹)
805 4427 1008 4478 leviter
1043 4425 1326 4479 Beckerus
1363 4427 1399 4479 l.
1428 4444 1472 4479 c.
1499 4445 1552 4495 p.
1581 4429 1646 4480 69
1684 4428 1979 4481 contendit
2007 4430 2246 4484 alterum
2272 4432 2588 4499 exemplum
2617 4432 2735 4484 eius
2762 4433 2981 4501 generis

551 4510 644 4565 vix
681 4512 944 4579 reperii-13
980 4512 1269 4566 Itinerarii
1304 4513 1461 4573 locus
1497 4514 1555 4566 in
1591 4514 1786 4567 lexicis
1823 4514 1915 4588 (de
1946 4514 2087 4585 Vit.)
2124 4534 2238 4568 non
2274 4518 2577 4570 omittitur.
