3481 5121
1739 351 1777 412 5

533 555 756 632 aperte
821 549 1209 633 significavit
1228 550 1280 635 1)
1355 554 1710 636 Apuleium
1776 555 1969 619 simili
2033 555 2167 618 fere
2232 543 2483 618 ratione
2549 559 2745 636 atque
2810 555 2972 620 alios

530 653 877 734 scriptores
895 701 910 732 ,
979 655 1092 735 qui
1151 655 1221 718 in
1285 654 1518 721 Africa
1583 656 1785 722 libros
1853 656 2270 737 conficerent,
2338 664 2595 722 vetusta
2657 659 2972 723 vocabula

528 775 845 837 usurpare
906 763 980 821 ut
1037 757 1283 821 usitata
1337 764 1404 823 et
1460 760 1640 824 trita.
1729 759 1856 824 hoc
1910 782 2109 824 unum
2160 761 2270 824 ille
2323 761 2740 843 vituperavit,
2798 762 2972 843 quod

527 855 852 939 Apuleius
919 859 1336 924 immodicum
1401 883 1742 926 numerum
1809 883 2031 927 eorum
2070 863 2162 925 'in
2226 864 2642 945 scriptionem
2705 865 2970 948 recepit.

530 980 649 1042 ego
718 981 869 1024 vero
941 959 1110 1026 Ottii
1181 962 1491 1028 iudicium
1564 965 1630 1028 in
1697 965 2105 1029 aestimanda
2172 965 2532 1030 elocutione
2598 965 2973 1049 Apuleiana

528 1063 898 1128 universum
941 1085 1073 1128 non
1115 1067 1486 1147 spreverim,
1531 1066 1942 1150 aliquatenus
1986 1072 2203 1132 tamen
2245 1068 2735 1132 immutaverim.
2820 1089 2972 1134 nam

529 1164 684 1245 quin
740 1165 1024 1248 plurima
1075 1166 1420 1248 vocabula,
1479 1190 1646 1251 quae
1690 1170 2050 1253 Apuleium
2094 1191 2135 1235 a
2175 1171 2403 1254 priscis
2453 1171 2971 1254 transscripsisse

526 1272 763 1348 putant
805 1269 1072 1350 propria
1111 1269 1352 1334 fuerint
1384 1270 1684 1336 dictionis
1715 1272 2003 1355 vulgaris
2032 1272 2247 1336 nullus
2279 1272 2528 1355 dubito,
2574 1293 2971 1355 quamquam

527 1369 944 1450 antiquorum
974 1392 1161 1436 usum
1193 1393 1340 1438 eum
1368 1395 1835 1456 nonnunquam
1863 1375 2221 1457 respexisse
2250 1375 2390 1457 ipse
2420 1395 2551 1438 non
2579 1375 2968 1456 negaverim.

529 1471 642 1536 sed
699 1493 780 1536 ne
836 1473 902 1536 in
961 1474 1357 1556 reliquorum
1415 1477 1805 1541 sententiam
1860 1476 1961 1542 his
2013 1476 2221 1541 relabi
2273 1476 2497 1541 videar
2546 1478 2677 1541 iam
2721 1497 2969 1541 mecum

527 1595 754 1640 causas
809 1578 1166 1659 examineS,
1223 1578 1460 1661 quibus
1518 1579 1823 1644 commoti
1875 1579 2137 1662 plurimi
2194 1578 2448 1644 delectu
2492 1585 2557 1643 et
2602 1579 2968 1644 discrimine

523 1699 758 1761 parum
810 1685 1116 1744 accurato
1169 1702 1248 1745 ac
1293 1679 1560 1746 definito
1605 1681 2068 1746 contenderent
2102 1681 2461 1764 Apuleium
2504 1680 2727 1746 dedita
2770 1704 2969 1765 opera

525 1786 724 1862 atque
764 1782 1089 1846 cumulate
1119 1785 1462 1849 vetustatis
1493 1783 1771 1866 speciem
1800 1784 1883 1848 ab
1917 1785 2200 1867 antiquis
2230 1783 2653 1866 scriptoribus
2684 1786 2967 1848 romanis

525 1887 893 1947 mutuatum
937 1905 1094 1949 esse.

695 1985 980 2051 Maxime
1038 1988 1238 2070 igitur
1296 1988 1419 2052 hac
1470 2010 1541 2053 re
1598 1987 1751 2053 falsi
1808 2009 1946 2054 esse
2000 1988 2302 2052 videntur
2357 1987 2619 2070 plurimi
2676 1987 2968 2052 homines

529 2087 722 2168 docti,
755 2089 865 2170 qui
896 2089 976 2154 de
1007 2111 1299 2155 sermone
1327 2091 1574 2174 Apulei
1604 2091 1917 2156 iudicium
1945 2092 2253 2170 fecerunt,
2287 2089 2462 2172 quod
2491 2091 2969 2173 praestantissi-

527 2211 779 2256 morum
827 2192 1176 2272 latinitatis
1223 2199 1560 2258 auctorum
1603 2195 2048 2260 urbanitatem
2092 2195 2579 2276 elegantemque
2623 2192 2967 2256 verborum

529 2293 849 2358 delectum
891 2295 1081 2360 nimis
1125 2297 1542 2379 respicientes
1584 2317 1732 2360 eum
1778 2301 2321 2379 comparaverunt
2350 2316 2496 2359 cum
2525 2294 2967 2377 scriptoribuS,

529 2397 640 2479 qui
695 2403 914 2480 spreta
967 2401 1259 2464 oratione
1312 2406 1650 2464 auctorum
1699 2401 1984 2481 optimae
2028 2399 2373 2463 latinitatis
2415 2398 2665 2463 Romae
2706 2419 2854 2462 vere
2898 2398 2967 2462 in

529 2520 670 2567 eam
726 2500 1094 2569 inciderunt
1147 2502 1706 2583 consuetudinem,
1764 2522 1928 2584 quae
1968 2501 2095 2584 ipsi
2137 2501 2421 2585 Apuleio
2467 2500 2761 2566 obicitur.
2852 2500 2968 2565 sed

525 2603 714 2669 valde
759 2626 879 2687 ego
925 2605 1152 2670 dubito
1195 2628 1350 2671 num
1386 2607 1664 2671 elocutio
1697 2606 2034 2690 scriptoris
2064 2605 2354 2686 alicuiuS,
2400 2605 2513 2687 qui
2540 2605 2607 2668 in
2637 2604 2968 2687 provincia

527 2706 826 2772 doctrina
868 2708 1103 2790 puerili
1145 2709 1483 2773 institutus
1525 2710 1593 2773 in
1637 2709 1972 2792 provincia
2015 2707 2217 2774 libros
2262 2708 2642 2791 composuit,
2690 2707 2967 2771 conferri

525 2810 731 2893 possit
785 2831 930 2874 cum
973 2810 1204 2875 studiis
1248 2811 1609 2891 hominum,
1669 2812 1782 2893 qui
1823 2812 2073 2877 Romae
2119 2810 2547 2892 scripserunt,
2600 2810 2854 2873 etiamsi
2897 2810 2966 2873 in

524 2913 625 2977 his
649 2934 780 2977 non
821 2912 1110 2993 deerant,
1137 2914 1352 2996 quiex
1373 2915 1719 2998 provinciis
1742 2915 1813 2979 in
1834 2920 2030 2998 caput
2048 2913 2303 2997 imperii
2319 2912 2963 2994 transmigraverant.

531 3036 811 3097 namque
854 3016 1124 3097 Romae,
1171 3016 1284 3081 ubi
1324 3016 1556 3081 literae
1595 3021 1696 3081 tot
1739 3016 1985 3100 gradus
2028 3023 2095 3081 et
2124 3016 2312 3097 quasi
2338 3035 2676 3097 processus
2704 3035 2964 3097 percur-

525 3124 747 3183 rerant
812 3118 919 3211 ad·
966 3138 1409 3200 summamque
1469 3117 1931 3201 perfectionem
1995 3119 2127 3182 iam
2190 3124 2646 3201 pervenerant,
2713 3118 2965 3200 priscae

526 3222 838 3286 orationis
860 3221 1139 3286 imitatio
1163 3226 1423 3303 praeter
1443 3221 1706 3303 linguae
1728 3226 2031 3285 naturam
2052 3227 2355 3285 revocata
2372 3228 2639 3302 arteque
2659 3224 2967 3302 corrupta

525 3331 686 3389 erat.
785 3345 940 3389 sane
1001 3323 1125 3387 hoc
1186 3323 1363 3407 apud
1423 3344 1643 3388 omnes
1701 3329 1927 3407 gentes
1986 3324 2227 3389 assolet
2283 3323 2563 3402 evenire,
2627 3328 2702 3386 ut
2758 3322 2966 3386 aetati

701 3614 744 3682 ¹)
779 3631 832 3683 p.
870 3613 995 3667 762:
1037 3631 1132 3667 um
1169 3614 1277 3666 den
1313 3614 1673 3683 gelesensten
1709 3613 1811 3665 der
1847 3614 2314 3681 letztgenannten
2349 3610 2771 3678 schriftsteller‚
2811 3612 2964 3680 Apu-

523 3698 694 3763 leiuS,
741 3699 1178 3768 beispielsweise
1232 3699 1751 3768 herauszugreifen‚
1809 3716 1870 3752 so
1918 3698 2097 3752 findet
2142 3698 2399 3768 Draeger
2435 3696 2712 3752 wahrhaft
2760 3714 2962 3750 unver-

526 3784 812 3837 schaemte
848 3787 1199 3853 graecismen
1245 3786 1304 3838 in
1353 3786 1706 3851 demselben,
1757 3784 1846 3838 die
1882 3784 1985 3838 wie
2039 3785 2193 3838 seine
2239 3785 2588 3837 archaismen
2636 3782 2839 3835 darauf
2868 3783 2962 3835 be-

524 3869 757 3923 rechnet
806 3871 925 3923 sein
975 3872 1182 3938 sollen,
1238 3872 1349 3926 den
1396 3872 1862 3941 abgestumpften
1898 3888 2141 3940 gaumen
2198 3870 2299 3923 der
2344 3870 2589 3923 lesewelt
2641 3873 2809 3921 unter
2852 3869 2962 3923 den

525 3956 864 4009 Antoninon
901 3974 968 4009 zu
1003 3958 1232 4013 kitzeln.
1291 3959 1425 4012 weit
1463 3956 1713 4011 entfernt
1750 3958 1879 4011 dem
1914 3957 2193 4026 Apuleius
2238 3956 2300 4008 in
2334 3955 2540 4009 beiden
2575 3954 2961 4023 beziehungen

524 4042 652 4095 eine
707 4042 944 4111 gewisse
986 4044 1409 4113 masslosigkeit
1459 4043 1809 4112 absprechen
1849 4062 1918 4097 zu
1952 4043 2177 4108 wollen,
2225 4041 2427 4111 glaube
2470 4042 2561 4095 ich
2608 4041 2776 4107 doch,
2832 4042 2960 4094 dass

524 4128 626 4183 der
660 4131 938 4198 geruegte
975 4129 1153 4183 fehler
1188 4130 1321 4184 weit
1359 4131 1492 4183 eher
1524 4132 1603 4184 im
1639 4130 1831 4200 gebiet
1868 4130 1967 4183 der
2001 4134 2207 4198 tropen
2244 4126 2360 4180 und
2395 4126 2611 4195 figuren
2649 4145 2715 4179 zu
2754 4127 2960 4180 suchen

521 4214 613 4268 ist.
685 4213 1214 4268 fachschriftsteller
1261 4217 1364 4269 wie
1412 4216 1512 4269 der
1560 4221 1681 4269 arzt
1728 4217 1948 4270 Caelius
1996 4214 2333 4267 Aurelianus
2384 4212 2499 4265 und
2547 4212 2648 4265 der
2696 4213 2960 4282 theologe

525 4300 925 4365 Tertullianus,
952 4301 1133 4355 denen
1158 4319 1215 4356 es
1242 4302 1385 4356 doch
1404 4304 1555 4358 wohl
1577 4321 1672 4357 um
1696 4302 2041 4355 rhetorische
2064 4299 2518 4355 effecthascherei
2543 4299 2697 4352 nicht
2720 4317 2787 4351 zu
2817 4299 2961 4351 thun

519 4389 613 4455 ist,
651 4387 846 4457 zeigen
897 4387 956 4439 in
993 4387 1195 4441 beiden
1233 4389 1502 4442 stuecken
1551 4389 1641 4443 die
1688 4406 1830 4458 ganz
1866 4388 2124 4457 gleichen
2170 4386 2633 4455 erscheinungen.
2704 4385 2822 4437 und
2855 4384 2959 4437 wie

520 4475 602 4527 oft
659 4474 975 4544 gemahnen
1023 4473 1112 4527 die
1161 4473 1316 4527 alten
1368 4475 1850 4545 uebersetzungen
1899 4475 1999 4529 der
2048 4473 2201 4526 bibel
2254 4471 2370 4525 und
2414 4472 2512 4525 des
2559 4470 2826 4524 Irenaeus
2887 4486 2959 4523 an

517 4558 752 4614 Plautus
787 4560 904 4615 und
939 4560 1031 4615 die
1066 4560 1388 4614 archaische
1424 4560 1687 4616 literatur
1724 4560 2095 4631 ueberhaupt.
