3481 5121
1690 294 1772 353 37

506 491 656 556 inst.
701 496 756 572 7,
804 496 908 572 27,
959 496 990 555 1
1038 491 1150 579 (Ρ),
1189 493 1391 559 Prud.
1442 501 1669 560 contra
1698 493 1938 578 Symm.
1988 500 2046 576 2,
2081 499 2137 576 6,
2175 496 2503 581 psychom.
2538 500 2682 578 328,
2716 497 2937 582 perist.

511 601 612 676 14,
660 602 718 660 6.
801 603 1038 681 perpes
1079 602 1227 661 met.
1278 603 1336 678 2,
1396 602 1496 679 22,
1550 597 1692 662 flor.
1746 602 1842 679 17,
1888 596 2055 662 ddeo
2103 598 2240 665 Scr.
2286 599 2447 678 init„
2496 598 2575 662 de
2619 620 2786 681 mag.
2838 604 2937 680 73,

506 700 726 764 Plaut.
772 697 1019 784 Amph.
1071 704 1124 776 1,
1177 704 1232 780 1,
1284 705 1423 782 124,
1472 701 1663 766 Truc.
1711 705 1772 781 2,
1820 705 1880 782 2,
1927 704 2029 783 24,
2075 701 2317 766 Pacuv.
2377 705 2531 778 188;
2589 705 2733 782 208,
2780 702 2939 766 Min.

505 803 647 867 Fel.
712 806 811 882 11,
875 806 932 880 5,
982 801 1161 866 Tert.
1204 804 1372 889 apol.
1429 809 1523 884 18,
1578 803 1831 868 Arnob.
1882 808 1936 886 1,
1986 808 2087 886 62,
2146 804 2333 869 Lact.
2389 809 2578 868 mort.
2632 825 2800 890 pere.
2858 808 2937 868 33

509 911 692 984 extr„
742 905 944 969 Prud.
991 907 1214 991 perist.
1263 911 1362 988 10,
1418 911 1565 988 470,
1624 907 1900 972 cathem.
1949 912 2049 989 11,
2111 912 2252 988 111,
2300 907 2475 990 Aug.
2522 907 2640 970 civ.
2687 905 2792 970 dei
2836 910 2939 988 21,

507 1012 567 1090 8,
613 1009 745 1073 alii.

684 1110 879 1195 Quod
921 1110 1303 1177 Pauckerus
1349 1111 1494 1196 (lat.
1540 1113 1763 1198 script.
1809 1112 1959 1177 hist.
2005 1113 2181 1195 Aug.
2221 1135 2285 1198 p.
2332 1113 2443 1199 69)
2491 1112 2571 1176 de
2616 1112 2943 1177 adverbiis

507 1216 572 1279 in
623 1237 743 1278 -ο
787 1213 1166 1278 cadentibus
1211 1221 1386 1278 recte
1433 1215 1894 1279 animadvertit
1937 1214 2439 1302 frequentiorem
2489 1237 2675 1279 usum
2723 1237 2943 1279 eorum

514 1339 889 1403 comparere
929 1318 1105 1402 apud
1133 1318 1478 1404 scriptores
1507 1317 1787 1382 labentis
1815 1317 2161 1382 latinitatis
2196 1319 2367 1383 idem
2398 1318 2701 1383 contendi
2729 1324 2945 1404 potest

513 1420 593 1486 de
639 1421 970 1487 adiectivis
1013 1421 1083 1484 in
1127 1443 1310 1503 —us,
1358 1442 1414 1500 a,
1458 1442 1567 1484 um
1598 1419 2059 1485 desinentibus.
2134 1443 2481 1506 congruus
2519 1421 2737 1503 ddgm.
2769 1422 2941 1486 Plat.

515 1530 573 1605 2,
625 1529 723 1604 13,
768 1523 987 1588 Plaut.
1033 1523 1172 1588 Mil.
1224 1527 1286 1605 4,
1350 1527 1409 1606 3,
1469 1528 1574 1606 23,
1622 1522 1813 1589 Ovid.
1870 1529 2021 1588 met.
2085 1529 2183 1604 15,
2237 1527 2386 1604 487,
2447 1524 2815 1609 Porphyrio
2858 1523 2943 1588 ad

514 1626 679 1692 Hor.
725 1647 823 1711 ep.
874 1631 932 1707 2,
981 1632 1038 1707 2,
1092 1631 1233 1707 142,
1281 1626 1457 1693 Cael.
1518 1627 1747 1692 Aurel.
1807 1633 1974 1692 acut.
2032 1633 2088 1708 1,
2139 1632 2237 1708 15,
2302 1631 2445 1709 119,
2502 1627 2720 1692 6111011.
2766 1629 2826 1706 4,
2882 1630 2941 1706 9,

518 1733 658 1808 135,
707 1729 854 1792 aliis
898 1729 1056 1795 locis
1103 1729 1523 1813 (incongruus
1569 1737 1738 1795 acut.
1790 1735 1847 1810 1,
1880 1734 1938 1810 3,
1971 1730 2105 1816 38),
2134 1730 2309 1795 Iren.
2340 1733 2402 1810 4,
2433 1733 2539 1811 45,
2571 1731 2744 1813 Aug.
2778 1727 2944 1793 conf.

511 1837 568 1912 9,
613 1838 692 1898 31
745 1833 1167 1917 (incongruus
1211 1832 1367 1896 ibid.
1418 1837 1518 1914 12,
1577 1839 1676 1914 16,
1723 1833 1805 1899 (16
1836 1833 2043 1899 doctr.
2080 1833 2320 1900 Christ.
2363 1836 2425 1914 4,
2474 1837 2532 1913 3,
2578 1832 2669 1918 4),
2713 1830 2943 1896 Claud.

512 1936 814 2000 Mamert.
860 1941 1011 2000 stat.
1057 1936 1310 2000 animae
1356 1940 1413 2016 2,
1467 1940 1564 2018 12,
1620 1937 1762 2001 ital.
1810 1958 2110 2020 congruo.
2194 1942 2563 2022 creperms)
2608 1935 2773 2000 ddeo
2805 1933 2944 2000 Ser.

516 2043 615 2120 18,
647 2039 808 2103 Α66.
854 2045 935 2103 tr.
984 2042 1140 2117 6013
1188 2042 1331 2119 628,
1364 2038 1562 2103 Lucr.
1611 2043 1669 2121 5,
1719 2044 1904 2120 1295,
1939 2040 2180 2124 Symm.
2210 2061 2307 2126 ep.
2348 2044 2401 2120 1,
2438 2045 2471 2103 7
2516 2038 2679 2124 (13),
2714 2037 2942 2104 Claud.

514 2141 812 2206 Mamert.
859 2148 1008 2207 stat.
1056 2140 1310 2205 animae
1353 2146 1411 2222 2,
1464 2146 1560 2222 11,
1608 2142 1799 2225 Fulg.
1857 2141 2048 2226 Verg.
2095 2142 2283 2209 Cont.
2331 2164 2394 2227 p.
2442 2145 2587 2223 724,
2634 2141 2733 2206 6(1.
2767 2140 2945 2207 Stav.

512 2244 708 2310 Mart.
771 2243 931 2331 Cap.
995 2248 1028 2308 1
1093 2243 1130 2329 ἓ
1177 2249 1248 2323 2;
1304 2248 1342 2308 2
1388 2243 1425 2330 ξ
1476 2249 1617 2308 116.
1705 2267 1992 2310 enervus
2032 2249 2185 2310 met.
2237 2248 2291 2325 1,
2354 2248 2415 2326 4,
2472 2244 2645 2329 apud
2700 2250 2948 2308 veteres

513 2369 643 2412 non
689 2348 920 2428 inveni,
967 2346 1194 2412 Erdm.
1227 2347 1392 2411 falso
1425 2354 1744 2412 memorat
1783 2349 1979 2414 Lucr.
2014 2353 2072 2429 3,
2123 2352 2273 2427 7213
2318 2348 2473 2412 item
2505 2367 2766 2412 exossus
2796 2351 2947 2410 met.

517 2455 582 2531 1,
639 2453 682 2514 4
734 2450 913 2536 apud
969 2448 1114 2514 illos
1160 2454 1410 2514 exstare
1453 2471 1583 2514 non
1627 2451 1914 2529 videtur3
1976 2451 2155 2516 Tert.
2199 2450 2355 2536 pall.
2398 2454 2435 2512 6
2490 2449 2695 2514 61111116
2749 2449 2949 2515 habet

511 2553 826 2638 elinguuS.
915 2552 1295 2640 morigerus
1338 2559 1488 2619 met.
1536 2558 1594 2637 2,
1643 2559 1700 2636 5,
1750 2555 1829 2620 de
1859 2576 2028 2640 mag.
2082 2556 2162 2619 14
2206 2559 2271 2619 et
2317 2557 2416 2634 74,
2450 2552 2670 2618 Plaut.
2701 2551 2947 2639 Amph.

515 2663 573 2740 3,
617 2662 678 2739 4,
728 2663 832 2740 21,
881 2657 1073 2745 Capt.
1122 2664 1179 2738 5,
1228 2663 1289 2739 2,
1338 2662 1439 2738 13,
1483 2657 1690 2723 Naev.
1735 2680 1897 2724 com.
1946 2663 2048 2740 91,
2095 2656 2330 2722 Afran.
2375 2660 2520 2737 372,
2565 2657 2692 2721 Iul.
2726 2654 2946 2722 Valer.

516 2764 572 2840 1,
624 2766 679 2842 7,
728 2761 902 2845 Aug.
950 2761 1114 2827 conf.
1162 2767 1221 2845 9,
1279 2764 1381 2845 33,
1440 2759 1660 2826 Amm.
1712 2766 1810 2844 16,
1865 2764 1963 2844 11,
2027 2766 2081 2825 1.
2170 2759 2486 2847 opiparas
2529 2764 2679 2823 met.
2724 2763 2782 2837 5,
2836 2763 2944 2836 15;

517 2869 616 2945 10,
665 2869 724 2945 3,
772 2865 938 2931 ddeo
985 2864 1124 2931 Scr.
1171 2870 1271 2946 22,
1323 2864 1541 2929 Plaut.
1586 2864 1725 2929 Mil.
1781 2871 1840 2947 2,
1903 2869 1958 2947 1,
2017 2869 2119 2947 29,
2166 2864 2349 2929 Ρ616.
2407 2865 2468 2944 4,
2521 2864 2583 2943 4,
2644 2868 2699 2944 1,
2747 2860 2948 2928 Solin.
3032 2925 3035 2931 .

515 2971 617 3049 22,
668 2969 767 3048 10,
810 2966 937 3031 Iul.
982 2965 1207 3034 valer.
1255 2972 1314 3046 3,
1359 2972 1462 3031 82.

684 3069 800 3134 Ad
843 3067 1332 3152 significandam
1376 3069 1759 3154 qualitatem
1802 3069 1904 3133 vel
1947 3070 2413 3155 proprietatem
2444 3069 2528 3134 ab
2561 3067 2949 3133 animalibus

515 3178 843 3257 sumptam
895 3172 1382 3259 usurpabantur
1435 3171 1761 3256 adjectiva
1812 3172 1881 3236 in
1940 3171 2188 3235 -inus
2232 3172 2560 3257 cadentia,
2624 3171 2790 3235 sicut
2849 3190 2950 3234 ca-

514 3278 705 3341 ninus
753 3276 930 3348 Tert.
981 3275 1062 3340 de
1105 3274 1260 3362 pall.
1307 3278 1367 3357 4,
1415 3275 1710 3339 corvinus
1756 3273 1959 3361 Apul.
2002 3281 2153 3340 met.
2199 3281 2257 3357 2,
2318 3280 2376 3354 9,
2430 3275 2725 3339 leoninus
2771 3272 2950 3337 Tert.

516 3380 596 3445 de
642 3379 795 3467 pall.
839 3382 902 3443 4.
993 3378 1107 3444 sed
1151 3378 1315 3443 talia
1357 3378 1604 3443 usitata
1649 3383 1835 3441 erant
1877 3384 2013 3442 tam
2057 3379 2291 3461 multa,
2337 3383 2411 3442 ut
2461 3399 2649 3443 nemo
2693 3381 2953 3462 praeter

517 3482 963 3548 Erdmannum
1007 3481 1100 3568 (p.
1156 3481 1262 3567 17)
1293 3481 1584 3561 miretur,
1634 3480 1806 3567 quod
1836 3482 2007 3546 inter
2036 3482 2166 3546 alia
2196 3480 2374 3566 apud
2403 3479 2761 3567 Apuleium
2802 3485 2953 3544 met.

518 3589 577 3664 2,
625 3590 686 3665 2,
727 3585 984 3668 legatur
1013 3582 1388 3671 aquilinus.
1483 3583 1654 3648 idem
1687 3584 2068 3651 vocabulum
2098 3585 2340 3650 habent
2367 3584 2585 3649 Plaut.
2616 3584 2685 3647 in
2713 3582 2953 3647 Pseud.

521 3693 580 3770 3,
635 3694 693 3770 2,
740 3693 842 3769 63,
891 3689 1067 3755 Tert.
1117 3688 1198 3753 de
1242 3687 1484 3774 paenit.
1533 3691 1611 3751 12
1657 3686 1841 3773 (Itin.
1888 3687 1977 3753 A.
2014 3687 2103 3752 M.
2152 3692 2230 3752 13
2278 3686 2771 3772 subaquilinus),
2817 3686 2957 3749 ital.

521 3792 827 3877 aquilino.
885 3830 970 3839 —
1023 3792 1234 3857 exitus
1292 3790 1759 3857 adiectivorum
1808 3790 1875 3855 in
1917 3812 2124 3856 ——eus
2174 3789 2601 3856 formatorum
2656 3788 2959 3874 frequens

521 3900 662 3959 erat
700 3895 768 3958 in
812 3916 934 3960 usu
976 3894 1063 3959 ad
1103 3893 1597 3979 significandam
1641 3894 1979 3959 materiam
2012 3915 2091 3959 ex
2134 3915 2267 3979 qua
2304 3892 2550 3981 aliquid
2596 3889 2959 3958 confectum

521 4004 710 4063 esset.
799 4005 1108 4084 sparteus
1158 4005 1310 4063 met.
1359 4003 1419 4079 8,
1469 4002 1570 4077 25,
1604 3997 1847 4062 Pacuv.
1895 4000 2051 4075 251;
2100 4000 2246 4079 385,
2279 3994 2447 4061 Cato
2491 4017 2543 4058 r.
2589 4016 2642 4058 1.
2689 3999 2747 4074 3,
2796 3998 2956 4057 extr.

520 4098 661 4166 Col.
714 4105 814 4181 12,
875 4106 976 4183 50,
1036 4106 1094 4182 8,
1156 4099 1412 4166 Pallad.
1471 4105 1526 4181 1,
1582 4101 1683 4179 24,
1731 4103 1805 4176 23
1873 4104 1929 4180 1,
1997 4104 2115 4164 126
2168 4098 2358 4179 med„
2422 4097 2803 4164 vocabulum
2861 4103 2960 4161 est

517 4204 854 4269 rusticum.
945 4208 1204 4268 terreus
1261 4201 1428 4267 ddeo
1475 4201 1612 4268 Sor.
1662 4206 1722 4283 9,
1757 4200 1971 4269 Varro
2012 4203 2055 4266 l.
2100 4202 2143 4266 l.
2191 4207 2249 4284 5,
2296 4207 2356 4283 8,
2407 4204 2506 4282 14,
2551 4223 2604 4266 1.
2650 4223 2701 4264 1.
2754 4205 2808 4280 1,
2861 4202 2958 4279 14,

519 4306 743 4393 (Caes.
791 4306 854 4371 b.
891 4304 972 4373 Gr.
1026 4310 1080 4387 1,
1123 4310 1184 4387 4,
1234 4310 1272 4370 3
1317 4326 1489 4369 nunc
1517 4305 1759 4389 legitur
1801 4304 2148 4389 terrenus),
2196 4304 2393 4387 Verg.
2441 4325 2657 4389 georg.
2705 4308 2763 4383 2,
2813 4307 2960 4383 341,

519 4410 720 4476 Mart.
791 4408 952 4492 Cap.
1012 4412 1049 4471 2
1109 4406 1147 4492 ξ
1208 4411 1330 4472 140
1403 4408 1469 4472 111
1537 4409 1854 4490 carmine,
1924 4407 2060 4473 ital.
2128 4414 2371 4486 terre03
2437 4406 2691 4471 Arnob.
2753 4411 2809 4487 7,
2880 4410 2959 4469 16

521 4513 915 4579 subterreuS.
