3481 5121
1731 309 1813 369 43

559 509 618 586 4,
671 511 724 586 7,
780 507 996 573 Plaut.
1046 507 1238 594 Gapt.
1289 513 1344 589 5,
1393 513 1452 589 4,
1500 515 1558 590 6,
1621 508 1793 576 Gell.
1849 516 1944 590 18,
1996 514 2093 591 13,
2139 515 2195 589 1,
2242 509 2421 574 Tert.
2466 510 2551 573 ad
2604 515 2735 573 nat.
2784 516 2843 590 2,
2894 514 2991 590 13,

557 608 682 672 Iul.
716 607 938 674 Valer.
991 615 1045 690 1,
1085 614 1195 675 48.
1242 651 1328 658 —
1372 619 1727 698 sequantur
1769 614 2157 693 inchoativa,
2219 633 2493 698 quorum
2539 613 2837 695 exempla
2880 613 2990 677 ab·

505 709 510 714 ’
553 712 724 776 unde
756 714 962 778 multa
990 716 1404 797 congregavit
1425 716 1805 781 Pauckerus
1836 717 1903 779 in
1934 717 2136 801 spicil.
2169 738 2229 801 p.
2261 721 2383 780 252
2416 736 2510 801 sq.
2576 716 2993 780 adlubescere

555 820 704 878 met.
743 820 797 895 7,
847 821 952 895 113
1003 823 1060 896 9,
1095 803 1152 898 3',
1199 818 1414 882 Plaut.
1460 820 1690 899 M11.4,
1727 826 1785 898 2,
1825 824 1922 899 13,
1971 820 2165 885 Mart.
2216 818 2376 904 Cap.
2417 825 2447 883 1
2498 817 2535 905 ξ
2581 821 2681 898 25,
2735 822 2767 881 1
2816 816 2987 904 §31,

555 919 831 1003 saepius,
906 920 1388 1006 conlz'quescere
1433 923 1512 988 de
1544 945 1711 1006 mag.
1752 928 1853 1003 50,
1882 921 2093 988 Varro
2138 920 2229 1006 (P)
2274 921 2417 988 Col.
2457 927 2552 1001 12,
2587 926 2689 1001 22,
2735 921 2987 984 Fronto

555 1021 632 1085 de
677 1042 820 1105 nep.
868 1024 1080 1087 amiss.
1128 1029 1187 1088 2.
1279 1026 1378 1089 his
1433 1027 1675 1091 addere
1732 1027 1946 1109 placet
1994 1023 2351 1109 fungare
2403 1024 2543 1088 flor.
2596 1029 2626 1087 1
2697 1024 2776 1088 de
2820 1044 2988 1104 mag.

556 1128 636 1187 58
683 1125 998 1211 (transit.)
1030 1126 1246 1193 Varro
1285 1149 1336 1191 r.
1369 1151 1420 1191 r.
1457 1134 1514 1210 3,
1555 1134 1629 1192 16
1662 1150 1725 1214 p.
1760 1134 1904 1209 239,
1953 1128 2130 1192 Itala
2160 1128 2388 1216 psalm.
2425 1131 2566 1206 143,
2603 1131 2639 1190 5
2673 1125 2989 1212 (August.

553 1226 720 1290 conf.
754 1232 793 1289 8
827 1226 863 1313 ξ
895 1230 986 1312 4),
1019 1229 1216 1312 Vulg.
1252 1231 1413 1296 Tob.
1449 1237 1506 1312 6,
1541 1236 1598 1310 8,
1633 1253 1768 1316 sap.
1806 1236 1904 1311 10,
1942 1236 1998 1311 7,
2031 1230 2286 1295 Ennod.
2322 1251 2420 1314 ep.
2456 1235 2514 1310 5,
2546 1235 2605 1309 8,
2639 1228 2988 1312 Dynamid.

561 1334 619 1408 2,
672 1334 784 1408 103
833 1335 892 1410 2,
939 1336 1051 1411 43;
1100 1337 1159 1413 2,
1209 1338 1309 1413 50,
1356 1335 1492 1398 ital.
1542 1335 1855 1398 fumicare
1899 1334 2071 1398 idem
2118 1339 2215 1397 est
2259 1333 2434 1418 quod
2478 1333 2579 1396 far
2621 1332 2817 1397 fumo.

728 1431 935 1518 Copia
1008 1436 1353 1500 verborum
1426 1458 1571 1500 cum
1645 1437 2125 1522 praepositione
2199 1435 2300 1499 vel
2373 1456 2503 1499 una
2564 1435 2666 1498 vel
2740 1433 2991 1497 duabus

555 1535 916 1601 iunctorum
983 1539 1050 1601 in
1119 1559 1411 1604 sermone
1478 1541 1728 1622 vulgari
1798 1540 1934 1604 sine
2002 1539 2200 1604 dubio
2268 1539 2551 1602 maxima
2614 1542 2785 1616 erat3
2862 1557 2991 1600 non

554 1659 762 1722 pauca
817 1640 947 1703 iam
993 1647 1243 1706 veteres
1301 1645 1522 1706 comici
1583 1644 1650 1706 in
1708 1665 1895 1707 usum
1958 1664 2145 1706 suum
2196 1647 2669 1706 converterunt.
2755 1640 2820 1702 in
2866 1637 2992 1701 hac

558 1743 986 1824 componendi
1030 1745 1494 1809 consuetudine
1555 1747 1848 1810 nonnulli
1907 1746 2281 1830 scriptores,
2340 1765 2500 1828 prae
2544 1744 2773 1808 ceteris
2819 1741 2989 1821 Afri,

552 1844 715 1908 adeo
743 1845 866 1909 sibi
898 1845 1340 1928 indulgebant,
1373 1854 1448 1911 ut
1469 1849 1571 1913 vel
1597 1848 1865 1913 eandem
1889 1849 2435 1934 praepositionem
2458 1847 2522 1910 in
2547 1847 2743 1911 verbo
2768 1844 2991 1909 eodem

559 1946 659 2009 bis
706 1955 1041 2032 ponerent,
1087 1950 1286 2014 veluti
1334 1951 1654 2035 Apuleius
1700 1953 1765 2014 in
1810 1957 1960 2015 met.
2008 1955 2066 2030 8,
2120 1953 2200 2014 14
2243 1951 2501 2035 scripsit
2546 1967 2988 2024 concorruere,

555 2049 726 2132 quod
763 2051 1149 2118 vocabulum
1213 2054 1538 2134 integrum
1595 2054 2112 2139 optimorumque
2160 2054 2451 2118 codicum
2506 2052 2818 2117 memoria
2860 2056 2991 2114 tra-

555 2150 760 2215 ditum
794 2154 1113 2219 immerito
1147 2157 1484 2240 scriptoris
1511 2156 1791 2220 editores
1818 2163 2217 2242 spreverunt,
2252 2179 2378 2220 non
2400 2155 2654 2220 librarii
2686 2153 2990 2218 mendum

553 2253 666 2317 sed
730 2256 942 2340 ipsum
1003 2257 1359 2343 Apuleium
1429 2260 1842 2340 corrigentes.
1956 2259 2132 2344 apud
2201 2258 2677 2323 Tertullianum
2752 2256 2991 2338 legitur

558 2357 991 2439 adagnoscere
1058 2361 1203 2424 adv.
1271 2362 1470 2426 Marc.
1528 2365 1594 2440 5,
1666 2370 1733 2439 5,
1798 2361 1877 2424 de
1938 2383 2127 2425 carne
2186 2362 2340 2428 Chr.
2399 2367 2480 2426 23
2536 2360 2617 2424 de
2680 2361 2897 2424 anima
2950 2363 2988 2420 6

558 2459 976 2546 (quamquam
1022 2465 1088 2527 hi
1143 2465 1267 2528 loci
1332 2470 1481 2528 sunt
1538 2464 1832 2528 lectionis
1879 2463 2176 2548 dubiae),
2225 2466 2291 2528 in
2338 2465 2515 2528 Itala
2567 2451 2990 2544 concolligere

548 2564 784 2628 Matth.
848 2570 949 2645 24,
1009 2572 1108 2647 31,
1171 2568 1372 2633 Marc.
1437 2573 1542 2647 13,
1593 2572 1693 2629 27.
1794 2566 1907 2631 sed
1966 2589 2045 2630 ne
2107 2591 2146 2631 a
2208 2568 2405 2632 trium
2479 2566 2740 2653 quidem
2808 2586 2992 2651 prae--

551 2668 949 2751 positionum
997 2672 1445 2736 coniunctione
1492 2692 1700 2734 sermo
1731 2670 1973 2733 latinus
2021 2670 2303 2734 deterior
2350 2670 2707 2734 abhorruit.
2784 2670 2991 2733 Drac-

552 2791 742 2852 gerus
811 2773 1068 2855 quidem
1131 2774 1534 2839 confidentur
1597 2773 1859 2855 negavit
1923 2778 2055 2837 tres
2123 2774 2637 2859 praepositiones
2704 2793 2991 2857 unquam

551 2873 802 2937 iunctas
867 2897 1009 2940 esse
1075 2877 1140 2939 in
1212 2898 1503 2941 sermone
1572 2877 1777 2940 latino
1846 2876 2022 2960 (hist.
2090 2882 2321 2958 syntax
2392 2881 2422 2939 1
2500 2897 2561 2960 p.
2627 2876 2806 2957 117),
2876 2875 2989 2938 sed

557 2976 918 3060 exemplum
965 2979 1225 3041 minime
1272 2978 1537 3042 dubium
1583 2985 1681 3042 est
1728 3000 2106 3042 con—re—
2137 2980 2556 3042 sus—citare
2602 2977 2776 3063 apud
2810 2976 2987 3041 Tert.

555 3099 676 3142 res.
726 3100 901 3141 carn.
960 3084 1059 3158 23,
1119 3081 1182 3142 in
1230 3080 1427 3161 Vulg.
1485 3101 1582 3164 ep.
1648 3080 1732 3143 ad
1780 3081 1951 3165 Eph.
2000 3085 2056 3160 2,
2106 3085 2143 3143 6
2190 3086 2256 3144 et
2300 3081 2474 3165 apud
2524 3082 2792 3145 Hieron.
2841 3078 2985 3144 adv.

553 3182 758 3246 Iovin.
815 3186 866 3260 1,
917 3186 1018 3245 38.
1106 3203 1312 3266 neque
1360 3182 1672 3246 vocabula
1731 3182 2127 3268 respuebant
2181 3183 2373 3247 talia:
2437 3183 2989 3247 disconvenientia

556 3286 734 3349 Tert.
780 3284 860 3349 de
905 3286 1142 3348 testim.
1190 3286 1442 3349 animae
1489 3290 1545 3364 6,
1595 3285 2058 3349 ininventibilis
2106 3285 2283 3349 Tert.
2330 3286 2474 3349 adV.
2524 3286 2835 3369 Hermog.
2881 3289 2985 3366 45,

548 3387 1088 3469 ininvestigabilis
1133 3388 1311 3467 ibid„
1359 3389 1594 3452 similia
1637 3389 1787 3451 alia.
1878 3390 2273 3473 complacere
2316 3396 2466 3452 met.
2511 3392 2572 3467 4,
2622 3391 2721 3468 32,
2770 3388 2984 3451 Plaut.

551 3492 717 3556 Rud.
765 3497 822 3571 3,
869 3495 930 3568 4,
983 3495 1082 3569 32,
1130 3491 1306 3555 Itala
1347 3492 1582 3555 Matth.
1631 3496 1690 3571 3,
1744 3495 1849 3567 173
1903 3496 2001 3571 11,
2050 3497 2165 3570 263
2221 3496 2317 3571 12,
2366 3496 2477 3570 18;
2531 3495 2629 3571 17,
2676 3496 2735 3570 5,
2784 3491 2982 3556 Marc.

554 3599 606 3674 1,
650 3600 746 3676 11,
784 3594 948 3659 Luc.
990 3599 1086 3672 12,
1127 3598 1226 3671 32,
1271 3602 1393 3659 act.
1437 3599 1535 3673 17,
1573 3599 1684 3672 12;
1744 3598 1837 3674 17,
1879 3597 1962 3656 34
1993 3595 2135 3659 aliis
2177 3595 2356 3675 locis,
2389 3594 2527 3657 ital.
2568 3595 2983 3678 compiacere.

547 3697 847 3760 condecet
884 3702 1034 3760 met.
1079 3702 1136 3776 6,
1186 3700 1244 3776 9,
1292 3696 1508 3760 Plaut.
1543 3696 1788 3780 Amph.
1824 3702 1881 3777 2,
1926 3704 1982 3775 2,
2027 3703 2127 3776 90,
2177 3696 2426 3782 Turpil.
2466 3702 2605 3775 127,
2654 3697 2827 3760 Itala
2858 3696 2983 3762 Sir.

548 3801 648 3875 33,
700 3804 796 3873 10,
832 3797 1008 3863 Tert.
1057 3800 1135 3862 de
1180 3800 1422 3885 paenit.
1472 3804 1570 3879 11,
1619 3799 1867 3862 Auson.
1901 3805 2066 3879 grat.
2114 3806 2235 3863 act.
2271 3803 2372 3878 27,
2420 3799 2651 3864 Claud.
2685 3800 2981 3863 Mamert.

545 3906 695 3964 stat.
743 3900 995 3964 animae
1045 3906 1099 3981 1,
1147 3909 1204 3978 3,
1265 3903 1405 3967 ital.
1462 3902 1696 3985 adject.
1746 3902 2154 3965 condecente.
2232 3904 2579 3987 confovere
2621 3908 2769 3966 met.
2818 3908 2877 3981 8,
2925 3907 2981 3983 7,

545 4000 710 4067 Cato
755 4024 805 4065 r.
851 4024 904 4065 r.
953 4007 989 4065 5
1039 4011 1231 4067 exstr.
1276 4006 1556 4089 (incerta
1599 4005 1839 4089 lectio),
1896 4004 2131 4067 Afran.
2182 4008 2323 4084 144,
2380 4005 2554 4069 Itala
2608 4007 2725 4070 [es.
2774 4011 2874 4085 59,
2924 4011 2981 4086 5,

541 4106 812 4171 Hieron.
870 4104 1014 4168 adv.
1061 4106 1212 4169 Rus.
1259 4110 1328 4185 3,
1383 4112 1452 4185 8,
1515 4106 1809 4171 Chalcid.
1858 4113 2197 4170 comment.
2256 4107 2357 4170 ad.
2407 4107 2572 4171 Tim.
2612 4108 2789 4171 Plat.
2842 4112 2981 4171 165.

539 4210 980 4293 com-pondere
1022 4214 1171 4271 met.
1220 4214 1278 4287 5,
1333 4212 1428 4287 14,
1477 4210 1682 4273 Nacv.
1735 4213 1875 4287 133,
1924 4208 2029 4273 SC
2076 4209 2155 4273 de
2201 4209 2510 4273 bacchan.
2558 4233 2615 4272 v.
2667 4215 2763 4289 13,
2808 4210 2983 4274 Itala

537 4314 741 4379 Ruth.
794 4318 847 4390 1,
895 4315 992 4389 15,
1028 4311 1330 4374 Ambros.
1365 4312 1431 4373 in
1467 4311 1628 4375 Luc.
1656 4317 1713 4391 3,
1764 4315 1865 4390 31,
1899 4311 2147 4375 Auson.
2182 4333 2282 4397 ep.
2320 4316 2416 4392 10,
2458 4317 2553 4391 11,
2588 4334 2983 4399 consponsor

540 4416 674 4483 Cic.
721 4416 806 4480 ad
850 4416 999 4479 fam.
1049 4420 1107 4494 6,
1161 4420 1257 4491 18,
1304 4413 1390 4477 ad
1421 4414 1565 4477 Att.
1618 4419 1716 4495 12,
1769 4419 1867 4477 17.
1942 4416 2254 4478 deamare
2300 4415 2514 4497 ddgm.
2548 4415 2721 4480 Plat.
2769 4420 2827 4494 2,
2881 4418 2978 4495 14,

537 4520 754 4585 Plaut.
795 4518 991 4604 Epid.
1040 4522 1100 4597 2,
1147 4522 1206 4595 2,
1255 4520 1354 4594 37,
1401 4516 1602 4579 Poen.
1649 4519 1708 4596 4,
1758 4522 1817 4595 2,
1870 4520 1967 4595 72,
2016 4516 2251 4580 Afran.
2300 4522 2445 4597 357,
2490 4516 2873 4581 vocabulum
2913 4518 2979 4581 iu
