3481 5121
1761 320 1843 379 28

587 519 787 584 habet
817 519 1040 584 Sidon.
1088 541 1185 604 ep.
1232 524 1291 598 2,
1319 525 1390 596 2,
1435 519 1614 584 fuam
1643 519 2005 587 notandum
2032 524 2133 583 est
2178 540 2255 582 ex
2286 517 2484 600 Verg.
2510 518 2679 582 Aen.
2728 524 2828 598 10,
2878 524 3019 599 108,

583 622 710 686 Iul.
735 621 1022 707 Valer.¹)
1068 628 1126 702 3,
1161 627 1273 700 653
1323 627 1380 702 3,
1430 627 1531 704 71,
1575 623 1730 687 Itin.
1778 624 1867 686 A.
1910 623 2000 686 M.
2052 626 2195 702 110,
2240 621 2491 685 Auson.
2534 621 2667 685 lud.
2696 620 2837 688 VII
2880 643 3017 707 sap.

585 725 744 788 Bias
790 729 858 801 9,
915 725 1115 789 Mart.
1172 724 1333 812 Gap.
1395 731 1431 789 3
1480 725 1518 811 ξ
1564 731 1718 802 262;
1780 731 1823 790 4
1866 725 1905 811 ξ
1953 729 2077 788 327
2118 725 2189 788 in
2232 725 2535 788 carmine.
2624 745 3020 810 quamquam

583 828 708 892 hac
751 828 1268 892 testimoniorum
1313 829 1797 893 enumeratione
1839 849 1968 892 non
2012 833 2111 892 est
2154 847 2333 911 opuS,
2380 847 2527 890 cum
2570 827 2650 892 de
2706 848 2875 910 mag.
2934 832 3018 894 92

579 931 929 995 secundum
975 931 1113 997 cod.
1160 931 1679 996 Laurentianum
1706 932 1766 995 F
1813 931 2097 995 omnium
2139 930 2333 1012 longe
2375 931 3018 1015 praestantissimum,

581 1034 682 1098 vel
725 1034 944 1118 potius
987 1034 1270 1098 omnium
1317 1035 1651 1116 originem,
1696 1034 2041 1117 legendum
2087 1033 2173 1096 sit
2214 1031 2347 1097 fors
2385 1031 2583 1096 fuerit
2626 1054 2730 1116 an,
2776 1034 3021 1120 idquod
3110 1047 3116 1052 '

495 1175 501 1180 ·
583 1136 1181 1201 Kretschmannum
1223 1137 1471 1220 fugisse
1492 1139 1710 1218 miror,
1760 1159 1903 1202 cum
1934 1137 2263 1218 Kruegeri
2294 1135 2641 1200 editionem
2682 1137 3021 1221 apologiae

582 1242 720 1326 ipse
763 1240 988 1304 laudet
1029 1261 1094 1324 p.
1143 1244 1243 1304 58.

762 1349 816 1406 1.
883 1343 1027 1406 Iam
1071 1343 1272 1424 igitur
1316 1342 1720 1408 substantiva
1764 1342 2144 1407 recensituri
2188 1341 2445 1406 initium
2482 1339 2793 1406 faciamus
2828 1363 2869 1406 a
2896 1341 3019 1408 fre-

583 1446 807 1531 quenti
835 1467 958 1509 usu
979 1447 1312 1510 nominum
1333 1446 1833 1526 abstractorum,
1864 1465 2140 1530 quorum
2164 1465 2467 1509 numerus
2490 1443 2573 1508 ab
2596 1445 3018 1528 scriptoribus

580 1547 860 1612 labentis
888 1548 1236 1612 latinitatis
1267 1550 1500 1612 mirum
1545 1551 1612 1613 in
1639 1549 1905 1612 modum
1936 1554 2165 1612 auctus
2196 1554 2313 1627 est,
2360 1569 2505 1612 cum
2550 1554 2615 1612 et
2643 1547 2833 1613 facile
2864 1548 3017 1614 defi-

583 1657 972 1732 gurarentur
1013 1673 1052 1715 a
1090 1651 1304 1716 verbis
1343 1652 1806 1736 adiectivisque
1853 1655 1917 1714 et
1956 1651 2183 1734 lingua
2224 1651 2433 1714 latina
2462 1671 2609 1714 vere
2648 1652 2741 1716 eis
2780 1657 3015 1734 egeret.

583 1754 832 1836 primae
859 1753 1306 1819 declinationis
1337 1754 1891 1818 substantivorum
1915 1753 2043 1818 huc
2072 1754 2403 1840 pertinent
2426 1755 2685 1839 quaein
2709 1761 3024 1834 -(t7ura

581 1863 649 1920 et
690 1858 756 1920 in
805 1859 998 1942 [θεία
1053 1858 1313 1922 cadunt.
1401 1857 1855 1922 terminatione
1918 1862 2143 1939 [θωνα
2204 1863 2433 1939 (sura)
2493 1856 2774 1922 formata
2837 1879 3019 1922 voca-

449 2001 456 2008 ·
581 1959 738 2024 bula
782 1981 926 2024 cum
969 1960 1147 2047 apud
1191 1961 1354 2024 alios
1383 1962 1730 2045 scriptores
1764 1958 2125 2025 Caesareae
2169 1960 2405 2024 aetatis
2439 1966 2578 2023 tum
2608 1960 2784 2044 apud
2816 1959 3019 2025 Afros

583 2065 997 2128 inveniuntur
1024 2065 1256 2143 multa3
1305 2064 1618 2128 nonnulla
1665 2083 1744 2126 ex
1772 2063 1875 2125 his
1905 2062 2063 2147 ipsis
2094 2063 2225 2126 iam
2254 2063 2731 2146 antiquioribus
2772 2065 3016 2129 usitata

585 2171 788 2230 erant.
860 2169 928 2230 in
946 2167 1136 2232 -Itala
1179 2167 1281 2231 vel
1309 2166 1602 2249 Vulgata
1619 2165 1674 2249 ²)
1719 2171 1899 2229 sunt:
1944 2166 2294 2248 alligatura
2336 2185 2549 2247 genes.
2580 2169 2685 2246 42,
2733 2171 2813 2231 35
2845 2189 3017 2232 1111111.

590 2275 688 2347 19,
752 2273 849 2349 15,
904 2270 1030 2333 Ies,
1083 2271 1137 2350 1,
1186 2273 1244 2348 6,
1303 2275 1613 2355 apertura
1655 2269 1865 2333 Amos
1906 2271 1969 2348 4,
2020 2272 2057 2331 3
2116 2269 2308 2352 (haec
2366 2269 2563 2333 etiam
2624 2269 2800 2352 apud
2856 2271 3019 2336 alios

582 2373 937 2457 leguntur),
1013 2377 1315 2436 assatura
1359 2371 1534 2438 Sam.
1582 2377 1641 2447 2,
1689 2377 1749 2451 6,
1800 2376 1899 2451 19,
1960 2370 2352 2457 capillatura
2404 2371 2617 2456 (Tert.
2664 2373 2816 2438 cult.
2870 2373 3017 2438 fem.
3080 2438 3088 2445 ,

587 2482 646 2556 2,
697 2475 783 2562 7),
855 2481 1218 2540 comestura
1260 2474 1496 2540 Matth.
1545 2480 1603 2556 6,
1653 2479 1731 2539 19
1786 2481 1853 2538 et
1897 2479 1998 2555 20,
2060 2495 2491 2558 consparsura
2532 2497 2705 2539 num.
2772 2480 2871 2557 15,
2920 2483 3017 2559 19,

586 2580 788 2645 Marc.
835 2584 933 2658 16,
987 2584 1084 2659 15,
1132 2578 1434 2644 delatura
1479 2578 1683 2645 Sirac.
1731 2584 1835 2659 26,
1882 2584 1950 2659 6;
1999 2583 2100 2658 38,
2138 2583 2213 2642 17
2262 2578 2471 2663 (Tert.
2518 2578 2663 2643 adv.
2708 2579 2910 2645 Marc.
2960 2585 3019 2661 5,

591 2688 670 2746 18
715 2683 834 2747 sub
880 2681 1294 2768 fin.),'fixura
1332 2682 1562 2746 Ioann.
1611 2685 1712 2761 20,
1756 2684 1858 2761 25,
1903 2681 2339 2745 incastratura
2384 2681 2567 2745 exod.
2614 2687 2717 2762 26,
2767 2687 2873 2761 17;
2920 2688 3022 2763 36,

477 2830 480 2833 -
591 2791 692 2864 22,
755 2786 1102 2849 inmissura
1147 2785 1305 2850 Luc.
1358 2790 1415 2864 5,
1464 2788 1564 2864 36,
1608 2790 1935 2849 metatura
1987 2785 2219 2849 Ierem.
2276 2789 2337 2863 8,
2398 2789 2437 2847 8
2482 2784 2689 2848 multa
2746 2786 2893 2850 alia.
2982 2809 3023 2851 a

588 2888 994 2953 Tertulliano
1061 2887 1427 2974 speciminis
1494 2887 1710 2969 gratia
1773 2892 1999 2971 repeto
2070 2886 2327 2951 farsura
2403 2887 2549 2951 adv.
2607 2887 2871 2955 Valent.
2940 2894 3023 2953 27

589 2992 834 3075 (Varro
890 2991 932 3054 1.
980 2991 1021 3054 1.
1069 2996 1106 3055 5
1165 3013 1228 3076 p.
1290 2996 1370 3054 32
1426 2990 1595 3075 Bip.,
1643 2988 1897 3055 Colum.
1952 2994 2011 3068 8,
2060 2994 2097 3053 6
2140 2989 2360 3074 extr.),
2408 2989 2666 3055 fervura
2710 3012 2917 3077 scorp.
2965 2996 3023 3074 5,

591 3096 988 3180 inscriptura
1033 3094 1176 3158 adv.
1223 3094 1486 3163 Valent.
1535 3097 1636 3174 30,
1694 3092 1954 3158 laesura
1996 3092 2139 3156 adv.
2184 3092 2387 3157 Marc.
2406 3124 2411 3131 ·
2433 3098 2491 3172 2,
2545 3098 2643 3174 10,
2701 3094 3030 3178 piscatura

591 3198 734 3262 adv.
780 3198 983 3263 Marc.
1029 3202 1090 3277 4,
1139 3203 1198 3278 8,
1251 3202 1727 3282 praeparatura
1782 3196 1925 3260 adv.
1970 3196 2175 3260 Marc.
2221 3199 2283 3276 4,
2333 3200 2431 3275 13,
2492 3196 2573 3260 de
2635 3198 2855 3261 anima
2913 3202 3024 3278 433

590 3302 766 3385 apud
827 3300 1120 3366 Caelium
1165 3300 1596 3365 Aurelianum
1654 3299 1962 3381 leguntur
2020 3299 2317 3363 colatura
2378 3299 2597 3363 chron.
2674 3304 2731 3379 5,
2800 3303 2858 3381 3,
2922 3304 3025 3381 55,

587 3404 875 3467 divisura
920 3403 1142 3468 chron.
1193 3408 1250 3482 2,
1302 3408 1401 3483 12,
1453 3406 1594 3481 146,
1641 3401 1993 3466 inductura
2036 3406 2207 3465 acut.
2256 3406 2312 3481 3,
2358 3406 2456 3483 17,
2493 3404 2635 3481 148,
2682 3409 3026 3487 pertusura
3144 3412 3151 3417 '

587 3507 804 3570 chron.
841 3510 898 3586 5,
936 3511 990 3585 1,
1032 3510 1106 3569 17
1141 3506 1290 3569 alia.
1356 3505 1728 3569 vetustioris
1757 3504 2017 3586 linguae
2049 3506 2373 3590 specimen
2404 3504 2785 3570 Erdmanno
2814 3506 3022 3570 visum

591 3614 689 3671 est
733 3608 823 3694 (p.
861 3607 968 3691 13)
1014 3608 1399 3673 vocabulum
1443 3629 1736 3672 cursura
1768 3607 1969 3693 Apul.
2022 3608 2187 3672 ddeo
2220 3607 2401 3673 Socr.
2436 3612 2537 3687 23,
2583 3608 2801 3673 Plaut.
2835 3608 3021 3673 Asin.

591 3715 648 3789 2,
697 3715 756 3789 2,
803 3714 905 3790 61,
937 3711 1129 3775 Most.
1177 3715 1236 3791 4,
1289 3716 1345 3791 1,
1373 3714 1430 3791 5,
1463 3710 1678 3777 Varro
1724 3733 1775 3774 r.
1824 3733 1875 3775 r.
1922 3717 1980 3793 2,
2034 3716 2068 3774 7
2115 3733 2179 3797 p.
2208 3716 2329 3775 189
2373 3711 2546 3796 Bip.,
2591 3709 2761 3775 idem
2810 3718 3024 3777 exstat

589 3812 765 3897 apud
811 3813 1028 3878 Amm.
1075 3818 1176 3893 24,
1225 3818 1282 3894 2,
1329 3818 1388 3877 8.
1465 3815 1745 3893 ——(t)ela
1796 3815 2121 3899 captatela
2163 3814 2341 3878 Tert.
2386 3815 2541 3899 pall.
2592 3818 2648 3894 5,
2695 3817 3025 3900 peccatela

588 3915 764 3979 Tert.
813 3917 892 3979 de
939 3917 1157 3981 anima
1199 3920 1303 3981 40.
1395 3916 1598 3980 Itala:
1645 3917 1908 4002 loquela
1943 3917 2179 3981 Matth.
2228 3922 2329 3998 26,
2388 3923 2488 3998 73,
2534 3917 2765 3982 1061111.
2812 3922 2873 3999 4,
2919 3921 3022 3999 42,

587 4019 805 4083 Plaut.
833 4018 995 4085 Gist.
1025 4022 1088 4099 4,
1122 4025 1179 4099 2,
1217 4023 1316 4099 75,
1341 4017 1536 4101 Verg.
1568 4019 1737 4085 Aen.
1772 4025 1831 4102 5,
1876 4024 2023 4100 842,
2071 4019 2251 4084 Tert.
2282 4020 2368 4084 ad
2398 4026 2532 4087 nat.
2570 4026 2625 4101 1,
2672 4025 2732 4101 8,
2770 4021 3023 4087 medela

588 4121 716 4186 Ies.
765 4126 866 4201 26,
916 4126 992 4185 19
1038 4120 1246 4206 (Tert.
1291 4144 1416 4187 res.
1462 4144 1638 4187 carn.
1686 4122 1820 4208 31),
1868 4121 2050 4188 Cael.
2082 4121 2310 4188 Aurel.
2348 4123 2571 4188 chron.
2603 4128 2662 4203 2,
2714 4127 2815 4205 13,
2868 4130 3022 4204 177;

766 4377 806 4445 1)
843 4377 976 4431 Iulii
1001 4377 1219 4431 Valerii
1258 4378 1508 4431 editione
1534 4397 1662 4431 usus
1691 4396 1815 4432 sum
1853 4395 2019 4446 quam
2045 4378 2265 4431 curavit
2288 4378 2359 4432 A.
2387 4378 2501 4431 Mai
2538 4377 2862 4432 Francforti
2894 4380 3026 4431 1818

588 4480 718 4517 011111
755 4464 1056 4517 Itinerario
1097 4464 1426 4519 Alexandri.

763 4549 807 4619 ⁹)
846 4550 1027 4604 Italae
1065 4555 1122 4603 et
1159 4550 1444 4621 Vulgatae
1479 4552 1633 4605 locos
1672 4568 1740 4605 ex
1776 4551 2117 4607 auctoritate
2154 4551 2461 4605 Roenschii
2496 4568 2765 4605 memor0.
