3481 5121
1683 326 1761 388 13

497 533 882 617 scriptorum
929 532 1127 597 dictio
1177 553 1320 598 cum
1372 535 1666 598 oratione
1721 531 2215 616 provincialium
2271 529 2609 594 horridula
2653 534 2935 593 vetusta-

494 643 751 718 temque
773 636 1095 700 redolenti
1119 637 1596 718 quodammodo
1623 636 2048 716 concordaret
2077 654 2346 715 cumque
2376 638 2665 715 tempore
2689 632 2935 712 eodem,

494 760 621 821 quo
687 739 755 802 in
815 738 1047 802 Africa
1104 740 1332 802 literae
1397 738 1851 817 effloruerunt,
1914 737 2200 820 optimae
2256 735 2599 799 latinitatis
2645 735 2937 816 exempla

495 843 845 907 obliterata
889 847 1123 920 essent,
1172 841 1350 924 apud
1381 842 1584 905 Afros
1616 841 2041 905 vetustiorum
2086 840 2475 921 scriptorum
2518 857 2933 901 romanorum
2992 845 2999 850 “

495 945 874 1009 memoriam
889 951 1151 1026 praeter
1171 945 1518 1026 scriptores
1543 963 1807 1026 graecos
1826 943 2104 1025 viguisse
2128 941 2488 1023 suspiceris
2538 961 2937 1022 quamquam

494 1049 895 1126 testimonia,
955 1047 1190 1129 quibus
1254 1047 1469 1128 opinio
1538 1046 1699 1109 haec
1756 1044 2197 1121 confirmetur,
2261 1041 2683 1125 suppeditant
2733 1064 2935 1124 prope

497 1147 697 1213 nu'lla.
786 1170 952 1212 unus
1003 1147 1300 1214 Suetonii
1345 1149 1526 1212 locus
1573 1150 1873 1230 (gramm.
1919 1150 2029 1230 24)
2075 1146 2259 1210 nobis
2314 1145 2643 1226 subvenit,
2699 1144 2813 1208 ubi
2856 1144 2936 1208 de

498 1251 716 1315 Probo
764 1252 857 1314 sic
906 1251 1222 1314 traditum
1267 1257 1408 1314 est:
1473 1251 1761 1333 „legerat
1814 1251 1879 1314 in
1938 1249 2272 1331 provincia
2329 1246 2646 1330 quosdam
2689 1253 2937 1311 veteres

493 1353 750 1418 libellos
800 1353 975 1436 apud
1023 1354 1562 1435 grammatistam,
1613 1352 1889 1415 durante
1934 1352 2149 1416 adhuc
2191 1351 2284 1414 ibi
2315 1355 2601 1414 veterum
2630 1349 2940 1413 memoria

493 1456 771 1520 necdum
819 1455 1080 1520 omnino
1125 1456 1369 1520 abolita
1412 1457 1579 1519 sicut
1607 1456 1919 1518 Romae“.
2007 1454 2178 1518 bono
2212 1458 2429 1516 autem
2458 1452 2747 1533 periculo
2778 1452 2940 1516 haec

495 1559 695 1622 etiam
738 1559 804 1621 in
852 1557 1061 1621 Afros
1106 1558 1321 1622 valere
1369 1556 1739 1637 contendaS,
1786 1556 2168 1639 praesertim
2213 1575 2357 1618 cum
2396 1553 2571 1635 apud
2602 1575 2710 1618 eos
2754 1575 2939 1637 prae-

499 1661 684 1743 cipue
730 1660 1116 1724 vetustiores
1159 1662 1507 1742 scriptores
1550 1659 1802 1723 romani
1848 1657 2508 1741 commemorentur.¹)
2596 1660 2936 1739 praeterea

491 1761 775 1826 Arnobii
824 1766 880 1841 1,
927 1767 1007 1826 59
1053 1763 1249 1826 verba
1300 1763 1404 1842 „in
1459 1761 1775 1826 similibus
1834 1762 2007 1825 vitiis
2064 1779 2176 1823 vos
2254 1779 2511 1842 quoque
2590 1758 2937 1822 versamini

494 1863 609 1948 (sc.
655 1869 729 1927 ut
773 1865 1049 1928 trivialis
1095 1865 1408 1934 sermonis
1439 1885 1627 1928 voces
1659 1862 1745 1926 ad
1776 1863 2185 1927 scribendum
2216 1861 2609 1946 adhibeatis)
2642 1862 2936 1943 quamvis

493 1966 824 2049 Epicados
889 1987 1141 2046 omneS,
1205 1965 1558 2032 Caesellios
1603 1966 1875 2033 Verrios
1939 1964 2219 2031 Scauros
2268 1964 2545 2028 teneatis
2591 1969 2657 2027 et
2700 1963 2935 2028 Nisos“

499 2069 829 2134 consimile
894 2069 1051 2150 quid
1111 2070 1420 2134 indicant.
1519 2069 1644 2132 hoc
1718 2068 1920 2150 igitur
1980 2067 2268 2131 studium
2327 2067 2718 2148 scriptorum
2774 2067 2941 2130 anti-

502 2192 776 2252 quorum
847 2172 1120 2254 simplex
1193 2179 1390 2253 atque
1459 2171 1737 2235 orationi
1810 2169 2303 2253 provincialium
2376 2190 2733 2251 congruens
2804 2171 2943 2252 ipse

495 2271 819 2356 Apuleius
866 2275 932 2338 in
965 2274 1198 2338 Africa
1230 2275 1563 2357 amplexus
1595 2280 1694 2338 est
1721 2274 2099 2356 priusquam
2132 2273 2197 2334 in
2232 2270 2581 2336 Graeciam
2610 2273 2940 2354 migraret.

501 2377 786 2440 Athenis
833 2397 984 2441 vero
1029 2376 1357 2442 Hadriani
1404 2383 1469 2441 et
1498 2377 1985 2441 Antoninorum
2028 2381 2319 2457 tempore
2366 2375 2697 2457 sophistae
2726 2396 2942 2440 recen-

499 2479 700 2543 tiores
747 2480 943 2546 variis
991 2480 1370 2563 disciplinis,
1416 2480 1732 2563 imprimis
1778 2484 1917 2542 arte
1962 2479 2251 2543 oratoria
2296 2477 2621 2542 studiosos
2665 2477 2942 2542 instrue-

496 2582 674 2647 bant.
750 2583 818 2646 in
850 2604 981 2665 qua
1016 2582 1374 2647 exercenda
1406 2582 1576 2645 hanc
1606 2581 2044 2646 observabant
2073 2582 2412 2663 rationem,
2459 2587 2532 2644 ut
2562 2586 2945 2662 argumenta

499 2683 1050 2749 declamationum
1119 2706 1195 2749 ex
1264 2690 1555 2749 veterum
1618 2682 2025 2749 Graecorum
2090 2683 2285 2748 rebus
2348 2684 2682 2766 praeclare
2748 2684 2945 2765 gestis

674 2924 717 2991 ¹)
755 2923 878 2991 ipsa
935 2922 1253 2990 priscorum
1307 2922 1651 2990 scriptorum
1705 2923 1878 2976 verba
1932 2922 2000 2973 ab
2056 2920 2299 2987 Apuleio
2354 2922 2665 2975 afferuntur
2715 2922 2942 2975 horum:

495 3006 683 3061 Plauti
721 3008 866 3062 ddeo
892 3008 1055 3062 Socr.
1088 3010 1148 3061 11
1187 3008 1310 3061 flor.
1345 3010 1393 3072 2,
1423 3010 1488 3061 18
1523 3007 1693 3060 Ennii
1731 3007 1876 3061 ddeo
1902 3006 2059 3060 Socr.
2086 3008 2118 3058 2
2155 3007 2241 3059 bis
2277 3007 2414 3060 ibid.
2452 3009 2485 3061 5
2523 3008 2590 3061 de
2628 3008 2836 3061 mundo
2875 3009 2943 3059 33

495 3093 566 3146 de
602 3110 749 3163 mag.
785 3095 852 3145 39
881 3093 1116 3146 Catonis
1143 3094 1213 3146 de
1249 3093 1459 3145 mundo
1489 3094 1556 3145 14
1578 3092 1829 3145 Terentii
1868 3093 2011 3145 ddeo
2038 3092 2195 3145 Socr.
2224 3095 2293 3146 20
2327 3094 2489 3147 Accii
2524 3094 2669 3147 ddeo
2696 3092 2848 3147 Socr.
2876 3095 2943 3145 23

499 3180 708 3232 incerti
745 3179 945 3248 tragici
980 3179 1100 3232 flor.
1138 3182 1196 3231 18
1223 3178 1447 3231 Afranii
1487 3178 1554 3230 de
1589 3195 1734 3245 mag.
1767 3180 1831 3231 12
1866 3178 2066 3230 Lucilii
2103 3178 2247 3231 ddeo
2277 3178 2433 3231 Socr.
2470 3181 2615 3247 prol.
2645 3183 2703 3232 et
2726 3180 2847 3233 flor.
2872 3182 2939 3234 21

493 3264 690 3318 Laevii
730 3264 802 3334 (Ρ)
840 3265 909 3317 de
944 3282 1089 3333 mag.
1116 3267 1184 3317 30
1209 3264 1484 3317 Varronis
1523 3264 1591 3316 de
1628 3282 1775 3333 mag.
1802 3266 1870 3315 43
1906 3262 2159 3315 Lucretii
2197 3264 2342 3317 ddeo
2380 3264 2536 3317 Socr.
2565 3268 2593 3317 1
2630 3269 2687 3318 et
2715 3267 2793 3320 10.
2855 3266 2942 3319 his

495 3351 640 3404 adde
677 3352 1086 3419 imperatorem
1125 3350 1476 3403 Hadrianum
1513 3351 1581 3403 de
1617 3367 1762 3419 mag.
1803 3350 1882 3401 11.
1953 3353 2246 3416 praeterea
2280 3350 2647 3404 nominantur
2671 3351 2943 3405 Caecilius

496 3435 710 3489 Statius
765 3437 834 3489 de
882 3454 1030 3506 mag.
1067 3437 1100 3488 5
1138 3436 1398 3491 Valerius
1453 3436 1732 3489 Aedituus
1772 3436 1841 3489 de
1878 3453 2022 3505 mag.
2059 3438 2091 3486 9
2128 3434 2360 3489 Porcius
2397 3436 2629 3489 Licinus
2666 3438 2805 3491 ibid.
2878 3437 2941 3505 Q.

493 3521 761 3576 Lutatius
802 3523 1034 3577 Catulus
1073 3522 1205 3575 ibid.
1275 3522 1416 3574 Cato
1455 3522 1524 3575 de
1560 3540 1702 3591 mag.
1742 3522 1809 3575 95
1848 3522 1907 3574 G.
1948 3521 2233 3574 Gracchus
2268 3522 2404 3575 ibid.
2468 3522 2769 3577 Sallustius
2807 3524 2941 3577 ibid.

495 3606 754 3676 Nigidius
801 3609 870 3662 de
915 3626 1062 3677 mag.
1100 3610 1170 3660 42
1217 3607 1439 3660 Ticidas
1479 3607 1548 3659 de
1585 3624 1731 3676 mag.
1774 3610 1838 3661 10
1875 3606 2079 3659 Calvus
2118 3608 2187 3660 de
2224 3625 2367 3676 mag.
2404 3610 2487 3661 95.
2558 3608 2941 3663 Tertullianus

500 3692 654 3745 locos
706 3694 850 3747 sicut
898 3696 1140 3763 scriptos
1190 3694 1411 3747 invenit
1457 3694 1837 3747 vetustiorum
1886 3693 2061 3745 refert
2094 3693 2322 3748 horum:
2360 3693 2593 3748 Pacuvii
2638 3696 2707 3748 de
2740 3696 2871 3763 pall.
2908 3698 2941 3748 3

498 3774 726 3830 Laberii
772 3780 841 3833 de
897 3781 1026 3849 pall.
1071 3784 1096 3833 1
1137 3780 1390 3832 Lucretii
1440 3779 1510 3832 de
1547 3779 1731 3831 anima
1766 3779 1815 3831 5.
1889 3783 2121 3847 praeter
2164 3779 2267 3832 hos
2305 3781 2499 3833 laudat
2534 3780 2783 3833 Ennium
2820 3781 2945 3835 adv.

502 3860 726 3916 Valent.
779 3868 810 3917 7
859 3866 928 3919 de
976 3867 1162 3919 anima
1207 3867 1275 3918 33
1325 3864 1600 3917 Catonem
1643 3864 1714 3916 ad
1762 3868 1875 3917 nat.
1925 3866 1978 3929 1,
2031 3867 2095 3917 10
2140 3866 2265 3918 aliis
2313 3867 2478 3931 locis,
2527 3868 2765 3920 Accium
2818 3868 2941 3921 adv.

499 3947 728 4003 Valent.
784 3952 864 4004 12.
908 3982 975 3990 -
1021 3953 1341 4006 Arnobium
1394 3951 1452 4003 in
1497 3950 1659 4004 libris
1705 3950 1972 4003 adversus
2016 3952 2273 4025 nationes
2310 3952 2381 4005 ad
2414 3953 2731 4020 priscorum
2768 3954 2945 4022 scrip-

495 4038 686 4087 torum
741 4036 1123 4088 elocutionem
1183 4053 1592 4105 saepenumero
1654 4053 1712 4088 se
1772 4038 2145 4105 applicavisse
2199 4037 2694 4093 Reifferscheidius
2750 4040 2945 4093 docuit

495 4138 550 4189 p.
609 4122 674 4175 lo
725 4122 931 4175 indicis
995 4121 1230 4175 scholar.
1288 4122 1584 4176 Vratislav.
1643 4122 1828 4175 hieme
1888 4140 1934 4177 a.
1990 4123 2943 4179 MDCCCLXXVII——LX'XVIII

496 4207 830 4261 habitarum.
904 4206 1236 4261 Lactantius
1273 4207 1463 4262 Plauti
1499 4208 1674 4261 verba
1716 4208 1857 4261 citat
1903 4209 2035 4263 inst.
2074 4212 2136 4276 5,
2180 4212 2266 4277 123
2304 4213 2361 4277 6,
2403 4213 2463 4264 11
2512 4212 2684 4265 Ennii
2719 4213 2851 4265 inst.
2893 4213 2938 4277 1,

498 4295 592 4361 11;
640 4296 686 4359 1,
735 4295 826 4360 13;
879 4296 926 4359 1,
980 4296 1069 4360 14;
1127 4295 1170 4359 l,
1221 4296 1307 4361 153
1350 4297 1396 4361 1,
1446 4298 1537 4363 18;
1585 4296 1634 4359 5,
1676 4296 1700 4347 l
1743 4295 1898 4360 alias,
1936 4295 2191 4352 Terentii
2226 4296 2357 4349 inst.
2394 4299 2445 4362 3,
2480 4299 2541 4364 43
2578 4298 2627 4363 3,
2668 4299 2756 4364 18;
2794 4299 2843 4364 5,
2881 4301 2939 4365 9;

500 4382 548 4445 7,
595 4382 651 4447 2;
700 4384 748 4439 7,
796 4382 863 4433 27
899 4380 1107 4433 Lucilii
1143 4380 1276 4434 inst.
1318 4383 1363 4446 1,
1400 4383 1492 4447 223
1529 4383 1579 4445 4,
1618 4383 1676 4448 33
1714 4382 1764 4445 5,
1800 4384 1860 4448 9;
1908 4383 1956 4446 5,
1999 4384 2086 4448 14;
2124 4385 2173 4447 6,
2209 4382 2266 4448 53
2306 4386 2354 4448 6,
2392 4386 2449 4449 6;
2486 4385 2534 4448 6,
2577 4386 2641 4437 18
2686 4385 2818 4452 epit.
2856 4386 2939 4448 22,

494 4465 752 4520 Lucretii
788 4467 918 4520 inst.
959 4468 1004 4531 1,
1053 4469 1144 4534 163
1194 4469 1239 4532 1,
1289 4469 1380 4535 213
1431 4470 1481 4533 3,
1520 4469 1607 4533 27,
1644 4468 1714 4521 de
1749 4468 1834 4520 ira
1884 4470 1932 4533 8,
1976 4470 2039 4521 10
2087 4468 2280 4521 multis
2330 4468 2456 4522 aliis
2492 4470 2649 4536 locis,
2686 4469 2944 4525 Sallustii

497 4551 632 4605 inst.
669 4555 719 4618 2,
761 4554 850 4621 123
887 4554 937 4619 3,
974 4555 1058 4608 29.
