3481 5121
1650 295 1729 366 ls

1774 393 1902 402 ——n-

483 506 842 574 hereditate
886 509 1082 591 longa
1133 509 1656 592 peregrinatione
1714 513 1779 573 et
1837 508 2105 573 diutinis
2168 508 2398 576 studiis
2456 509 2566 596 (cf.
2615 506 2693 575 de
2751 529 2920 590 mag.

486 618 568 678 22
613 619 678 676 et
723 612 834 697 23)
879 613 1159 677 Romam
1206 633 1274 676 se
1318 613 1566 676 venisse
1612 611 1772 676 dicit
1816 613 2163 677 admodum
2192 635 2545 696 pauperem
2590 615 2769 699 (met.
2822 618 2921 692 11,

481 719 560 778 27
621 721 685 780 01
744 716 854 800 28)
923 737 1134 798 neque
1197 737 1341 779 cum
1418 716 1753 780 Frontone
1818 737 2027 798 neque
2092 737 2236 780 cum
2296 717 2564 799 reliquis
2635 716 2919 780 eiusdem

479 817 764 882 familiae
822 816 1189 882 hominibus
1251 839 1318 881 se
1374 817 1761 899 coniungere
1826 818 2037 899 licuit,
2106 839 2316 901 neque
2375 819 2631 882 omnino
2686 818 2757 883 id
2812 819 2921 883 ille

479 921 846 1003 appetebat.
917 941 1085 983 nam
1131 941 1298 1001 quae
1343 919 1485 983 flor.
1523 924 1598 982 17
1643 921 1783 1002 ipse
1823 920 1903 984 de
1950 941 2017 984 se
2060 919 2424 1003 praedicat:
2492 921 2625 1001 „ita
2670 942 2922 1003 semper

479 1022 563 1086 ab
608 1023 870 1086 ineunte
915 1042 1073 1086 aevo
1117 1022 1322 1086 bonas
1366 1028 1538 1086 artes
1581 1022 1805 1086 sedulo
1846 1023 2017 1086 colui
2060 1024 2327 1103 eamque
2379 1023 2917 1102 existimationem

482 1146 732 1188 morum
783 1145 861 1188 ac
907 1125 1269 1188 studiorum
1315 1145 1461 1188 cum
1499 1125 1565 1187 in
1607 1125 1941 1205 provincia
1984 1131 2208 1189 nostra
2248 1131 2389 1188 tum
2433 1126 2631 1189 etiam
2670 1125 2919 1189 Romae

477 1246 676 1308 penes
737 1228 975 1290 amicos
1032 1233 1183 1290 tuos
1243 1211 1724 1309 (proconsulem
1768 1225 2036 1291 Africae
2094 1227 2472 1309 alloquitur,
2532 1227 2644 1308 qui
2706 1227 2917 1291 decla-

477 1329 750 1392 mationi
802 1329 1146 1413 intererat)
1205 1329 1533 1410 quaesisse
1587 1351 1690 1393 me
1749 1333 1890 1392 tute
1945 1330 2083 1412 ipse
2141 1329 2681 1412 locupletissimus
2731 1331 2917 1393 testis

478 1451 546 1494 es
610 1435 795 1509 cet.“,
874 1431 1037 1494 haec
1105 1430 1537 1512 probabiliter
1599 1452 1728 1495 non
1797 1431 2372 1513 interpretabimur
2442 1431 2566 1496 nisi
2638 1433 2761 1510 ita,
2842 1438 2917 1496 ut

474 1531 560 1596 ad
619 1531 904 1596 forenses
966 1534 1290 1596 orationes
1349 1555 1428 1597 ea
1486 1532 1871 1614 referamus,
1950 1533 2185 1617 quibus
2251 1533 2607 1617 Apuleium
2668 1533 2917 1598 Romae

473 1634 879 1716 aliquamdiu
934 1637 1170 1698 victum
1230 1635 1354 1699 sibi
1411 1637 1742 1718 paravisse
1804 1637 2251 1719 comperimus.
2340 1634 2456 1700 sed
2512 1635 2621 1699 ille
2682 1636 2913 1717 verbiS,

476 1757 650 1818 quae
708 1738 902 1801 modo
950 1738 1612 1818 commemoravimuS,
1669 1760 1800 1803 non
1852 1745 1991 1802 tam
2035 1737 2673 1820 Carthaginiensium
2714 1736 2914 1800 admi·

472 1840 790 1903 rationem
836 1839 1141 1920 colligere
1201 1860 1398 1920 quam
1438 1843 1807 1922 proconsuli
1860 1862 1927 1905 se
1984 1841 2434 1905 commendare
2484 1839 2715 1920 voluit,
2768 1859 2916 1903 cum

468 1942 612 2005 aliis
676 1942 836 2006 locis
901 1942 1112 2024 prima
1171 1942 1288 2016 illa
1349 1943 1416 2004 in
1480 1941 1743 2024 publico
1809 1942 2166 2008 disserendi
2225 1943 2595 2007 rudimenta
2659 1942 2915 2006 silentio

466 2050 839 2126 praetereat
871 2045 1164 2125 quamvis
1197 2064 1450 2108 omnem
1495 2064 1948 2127 quamcunque
1992 2051 2208 2129 potest
2247 2045 2649 2108 occasionem
2696 2050 2915 2126 captet

464 2146 543 2209 de
597 2168 665 2210 se
743 2147 1084 2228 gloriandi.
1202 2168 1396 2228 quam
1473 2145 1749 2210 multum
1817 2149 1991 2212 enim
2050 2149 2188 2230 ipse
2268 2148 2573 2212 tribuerit
2654 2147 2906 2226 studiis,

467 2248 702 2331 quibus
747 2248 996 2312 Romae
1044 2269 1189 2312 eum
1235 2250 1560 2313 vacavisse
1617 2255 1884 2331 putant,
1952 2251 2082 2314 alio
2131 2249 2511 2315 floridorum
2567 2251 2710 2335 loco
2768 2249 2911 2335 (18)

464 2354 782 2434 aperitur,
841 2353 954 2416 ubi
999 2350 1571 2437 Carthaginienses
1627 2352 1904 2417 laudans
1951 2353 2112 2417 haec
2166 2353 2276 2416 ille
2334 2353 2517 2416 dicit:
2578 2352 2709 2431 „ita
2752 2351 2912 2415 mihi

465 2461 530 2518 et
583 2457 801 2536 patria
854 2456 922 2518 in
979 2455 1252 2518 concilio
1306 2454 1608 2535 Africae,
1666 2453 1736 2520 id
1798 2460 1898 2520 est
1966 2460 2212 2535 vestro,
2272 2461 2337 2519 et
2398 2455 2681 2537 pueritia
2736 2454 2911 2536 apud

463 2578 574 2619 vos
637 2564 701 2622 et
756 2558 1055 2639 magistri
1123 2580 1233 2621 vos
1295 2563 1360 2622 et
1419 2564 1598 2621 secta
1652 2557 1805 2622 licet
1861 2558 2145 2622 Athenis
2197 2555 2443 2622 Atticis
2508 2555 2908 2637 confirmata,

463 2664 685 2723 tamen
732 2660 838 2723 hic
881 2661 1186 2723 inchoata
1232 2665 1332 2723 est
1372 2665 1436 2724 et
1480 2682 1602 2724 vox
1646 2681 1794 2724 mea
1838 2665 1999 2724 cet.“
2091 2660 2359 2740 Romae,
2407 2661 2510 2724 cui
2548 2660 2725 2744 apud
2764 2681 2911 2743 pro-

473 2762 799 2825 consulem
830 2769 964 2827 tam
996 2763 1269 2826 multum
1298 2763 1586 2828 tribuere
1617 2764 1788 2825 visus
1831 2769 1949 2842 est,
1982 2767 2058 2825 ut
2098 2765 2199 2826 vel
2229 2762 2529 2827 Athenas
2562 2764 2910 2843 omitteret,

469 2861 592 2925 hoc
638 2863 780 2926 loco
825 2865 1066 2928 mentio
1112 2863 1187 2927 fit
1225 2884 1496 2947 ,prorsus
1539 2865 1739 2928 nulla.
1830 2886 2039 2948 neque
2084 2864 2153 2929 id
2196 2871 2437 2929 temere
2480 2865 2583 2928 vel
2636 2864 2907 2929 fortuito

378 3024 384 3031 .
462 2963 704 3027 factum
789 2986 926 3029 esse
1006 2966 1246 3030 dixeris
1326 2967 1439 3030 sed
1513 2971 1893 3051 propterea,
1964 2967 2138 3050 quod
2206 2968 2782 3049 Carthaginienses
2839 2967 2907 3029 in

468 3066 753 3130 colendis
781 3068 1032 3132 artibus
1057 3068 1436 3133 liberalibus
1458 3069 1905 3134 Romanorum
1936 3071 2067 3134 iam
2098 3071 2334 3134 aemuli
2350 3072 2402 3156 1)
2437 3091 2554 3134 sua
2585 3069 2906 3153 quaedam

463 3168 774 3232 instituta
819 3170 1272 3252 observabant,
1320 3172 1443 3235 etsi
1485 3172 1553 3235 in
1591 3171 1692 3237 his
1736 3193 1804 3235 se
1848 3193 1991 3236 011111
2021 3172 2335 3237 Romanis
2366 3172 2734 3254 discrepare
2777 3191 2906 3233 non

465 3272 878 3353 ignorabant.
967 3274 1196 3337 relicta
1240 3274 1438 3355 igitur
1480 3273 1661 3338 brevi
1706 3280 1997 3358 tempore
2042 3274 2257 3339 Roma
2309 3296 2453 3338 cum
2496 3276 2564 3338 in
2609 3272 2905 3337 Africam

455 3376 828 3439 revertisset
917 3376 1279 3459 Apuleius,
1378 3376 1871 3457 provincialium
1961 3396 2320 3442 sermonem
2417 3383 2613 3459 atque
2715 3397 2902 3439 usum

635 3596 678 3663 ¹)
717 3596 784 3647 cf.
822 3595 1076 3648 Iuvenal.
1099 3599 1148 3660 7,
1178 3598 1292 3648 148.
1356 3596 1588 3648 81111111ιί8
1608 3596 1811 3663 (111111118
1837 3599 2064 3665 poterat
2087 3598 2347 3651 laudibus
2374 3596 2650 3665 Apuleius
2678 3596 2749 3649 ob
2778 3613 2901 3649 eam

460 3696 580 3733 rem
609 3681 1103 3748 Carthaginienses
1137 3682 1298 3734 effert
1333 3682 1414 3733 ita
1449 3681 1595 3749 (flor.
1624 3684 1739 3751 20):
1781 3700 1921 3750 quae
1956 3686 2148 3735 autem
2183 3684 2364 3735 maior
2398 3683 2520 3735 laus
2557 3685 2655 3734 aut
2692 3683 2903 3735 certior

457 3784 625 3833 qua-m
653 3768 985 3836 Carthagini
1021 3767 1372 3831 benedicere,
1412 3767 1510 3820 ubi
1546 3771 1670 3820 tota
1708 3768 1909 3820 civitas
1948 3768 2321 3821 eruditissimi
2358 3768 2513 3833 estis,
2551 3784 2725 3837 penes
2762 3786 2900 3836 quos

457 3870 676 3920 omnem
704 3852 1062 3920 disciplinam
1087 3854 1249 3920 pueri
1275 3852 1518 3919 discunt,
1546 3855 1775 3907 iuvenes
1800 3858 2107 3926 ostentant,
2135 3871 2295 3907 senes
2318 3854 2560 3907 docent?
2614 3855 2899 3926 Carthago

456 3938 780 4005 provinciae
825 3942 1054 3991 nostrae
1101 3940 1376 4007 magistra
1413 3940 1783 4005 venerabiliS,
1831 3940 2113 4009 Carthago
2152 3940 2382 3993 Africae
2417 3938 2581 3992 Musa
2632 3941 2896 3999 coelistis‚

458 4023 744 4092 Carthago
773 4023 1018 4077 Camena
1053 4028 1399 4093 togatorum.
1462 4027 1528 4079 cf.
1569 4028 1738 4080 etiam
1768 4024 1998 4093 Vopisc,
2028 4026 2255 4079 Saturn.
2286 4027 2365 4090 10,
2403 4028 2452 4090 4,
2490 4025 2733 4079 Salvian.
2765 4025 2896 4095 gub.

454 4108 545 4160 dei
583 4112 631 4173 7,
676 4113 766 4162 67:
827 4109 1226 4177 Carthaginem
1275 4111 1398 4165 dico
1454 4116 1510 4164 et
1549 4112 1678 4165 urbi
1722 4112 1939 4165 Romae
1995 4112 2237 4165 maxime
2292 4111 2669 4164 adversariam
2728 4116 2785 4164 et
2837 4114 2899 4165 in

453 4193 721 4246 Africano
757 4195 894 4247 orbe
930 4197 1088 4262 quasi
1113 4194 1369 4249 Romam.
1431 4215 1572 4264 quae
1607 4198 1748 4251 mihi
1785 4198 1914 4250 ideo
1952 4198 2013 4249 in
2048 4199 2369 4265 exemplum
2407 4215 2470 4250 ac
2505 4198 2895 4251 testimonium

451 4280 570 4332 sola
623 4280 863 4346 sufficit,
915 4282 1045 4347 quia
1089 4283 1354 4335 universa
1393 4284 1621 4351 penitus
1673 4284 1875 4351 quibus
1921 4284 1982 4335 in
2028 4287 2155 4337 toto
2213 4283 2425 4337 mundo
2478 4284 2778 4352 disciplina
2810 4284 2895 4337 rei

451 4366 711 4433 publicae
757 4368 844 4419 vel
893 4372 1237 4435 procuratur
1284 4370 1374 4422 vel
1411 4371 1631 4439 regitur
1682 4371 1743 4422 in
1791 4386 1850 4422 se
1896 4370 2108 4423 habuit.
2180 4370 2296 4423 illic
2344 4370 2494 4423 enim
2546 4370 2737 4423 omnia
2773 4368 2893 4423 offi-

456 4452 670 4503 ciorum
707 4453 1061 4521 publicorum
1100 4454 1500 4519 instrumenta,
1541 4455 1660 4508 illic
1699 4456 1909 4507 artium
1949 4456 2268 4509 liberalium
2307 4458 2521 4521 scolae,
2557 4456 2677 4509 illic
2712 4455 2891 4524 philo-

448 4538 762 4607 sophorum
800 4540 1152 4609 disciplinae,
1191 4545 1393 4594 cuncta
1431 4541 1671 4609 denique
1707 4542 1798 4595 vel
1834 4543 2155 4614 linguarum
2193 4544 2485 4612 gymnasia
2523 4542 2612 4596 vel
2651 4558 2888 4595 morum.
