3481 5121
1703 331 1787 394 45

531 541 691 606 Acc.
741 537 917 624 apud
961 535 1132 602 Non.
1183 541 1218 599 7
1263 558 1327 623 p.
1373 535 1909 621 467),-comitare
1942 534 2103 599 Tob.
2150 539 2207 614 5,
2256 535 2337 598 14
2365 533 2552 619 (Acc.
2586 532 2760 618 apud
2790 531 2959 597 Non.

529 666 592 731 p.
639 623 772 729 85),
820 641 1161 705 criminare
1209 637 1358 704 Gal.
1408 643 1466 718 5,
1517 643 1592 701 15
1641 639 1838 724 (Enn.
1892 637 2066 723 apud
2109 637 2281 702 Non.
2326 657 2389 721 p.
2433 637 2609 721 470),
2658 636 2963 700 demolire

421 735 424 738 ⁴
530 769 662 830 reg.
718 751 783 825 1,
835 749 942 823 19,
994 746 1072 807 10
1118 741 1330 828 (Cass.
1377 741 1569 806 Hem.
1617 741 1793 827 apud
1839 741 2010 806 Non.
2055 763 2118 826 p.
2180 739 2364 825 346),
2419 760 2688 824 operare
2734 739 2960 803 Ioann.

533 855 592 929 6,
641 853 753 926 28;
813 852 870 928 9,
916 850 960 910 4
1005 845 1242 932 (Lucil.
1289 866 1394 930 ap.
1438 843 1610 909 Non.
1656 865 1718 929 p.
1760 848 1911 925 523,
1956 843 2070 908 sed
2114 842 2193 907 L.
2241 842 2515 906 Mueller
2558 863 2621 927 p.
2674 845 2814 922 125,
2861 846 2961 921 67,

537 950 842 1018 Gulielm.
877 954 1131 1013 secutus
1161 952 1432 1032 operata
1461 947 1717 1032 scripsit
1738 967 1859 1032 pro
1884 968 1977 1026 eo,
2012 944 2186 1031 quod
2208 945 2400 1027 vulgo
2422 944 2663 1028 legitur
2687 945 2964 1030 operat),

534 1054 850 1141 praedare
895 1051 1155 1137 saepius
1208 1051 1276 1114 in
1329 1049 1504 1114 Itala
1565 1048 1674 1134 (cf.
1733 1049 2053 1114 Roensch.
2112 1071 2175 1134 p.
2223 1047 2377 1133 389)
2420 1047 2640 1111 Plaut.
2686 1047 2858 1112 Rud.
2903 1052 2963 1127 4,

537 1163 594 1238 7,
645 1162 743 1236 16,
792 1154 1054 1240 Vopisc.
1101 1153 1300 1218 Prob.
1369 1157 1426 1233 8,
1495 1156 1553 1234 3,
1619 1153 1939 1238 proeliare
2004 1151 2178 1216 deut.
2236 1155 2337 1230 28,
2400 1155 2477 1214 12
2533 1150 2732 1234 (Eun.
2792 1151 2966 1235 apud

535 1259 707 1325 Non.
753 1280 816 1344 p.
863 1257 1038 1342 472).
1115 1255 1442 1320 altercare
1468 1255 1670 1341 Apul.
1702 1262 1853 1320 met.
1887 1261 1945 1337 2,
1982 1260 2091 1333 29;
2139 1259 2198 1334 6,
2234 1259 2334 1335 26,
2367 1253 2609 1318 Pacuv.
2643 1259 2787 1335 210,
2819 1253 2967 1318 Ter.

538 1360 749 1423 Andr.
795 1363 856 1438 4,
907 1364 962 1440 1,
1008 1364 1109 1440 29,
1158 1359 1235 1424 cf.
1279 1358 1484 1423 Prisc.
1531 1363 1571 1423 8
1629 1380 1694 1445 p.
1757 1362 1878 1422 797
1933 1358 2039 1439 P„
2096 1357 2237 1421 ital.
2295 1357 2625 1449 altercare.
2716 1357 2970 1420 laetare

539 1469 691 1527 met.
739 1465 796 1541 5,
843 1465 954 1541 143
1025 1466 1082 1542 3,
1156 1465 1256 1542 11,
1323 1461 1466 1525 Liv.
1535 1461 1836 1526 Andron.
1909 1465 1963 1541 7,
2031 1459 2236 1524 Naev.
2294 1462 2399 1542 44,
2455 1459 2721 1524 Maxim.
2771 1458 2967 1524 Taur.

542 1586 728 1628 serm.
771 1567 874 1643 47,
923 1564 1037 1628 sed
1081 1562 1259 1649 apud
1302 1564 1419 1628 hos
1449 1585 1670 1628 omnes
1700 1565 1984 1649 positum
2018 1568 2115 1628 est
2144 1563 2207 1626 vi
2237 1561 2551 1631 factitiva.
2620 1561 2971 1626 nutricare

541 1666 899 1752 Ps.-Apul.
958 1666 1225 1752 Asclep.
1281 1671 1382 1748 36,
1439 1666 1658 1731 Plaut.
1714 1667 1913 1730 Merc.
1976 1671 2034 1746 3,
2097 1670 2151 1746 1,
2214 1669 2313 1746 11,
2370 1662 2583 1731 Varro
2630 1687 2681 1729 r.
2728 1687 2779 1756 r.
2825 1670 2882 1745 2,
2928 1668 2972 1728 4

537 1792 601 1856 p.
653 1774 772 1834 177
819 1776 885 1834 et
933 1773 1074 1849 178,
1121 1769 1299 1833 Itala
1341 1769 1578 1834 Matth.
1638 1773 1749 1849 24,
1809 1773 1907 1848 19,
1962 1768 2122 1832 Luc.
2175 1771 2237 1848 4,
2288 1771 2386 1847 16,
2433 1767 2610 1832 Tert.
2659 1768 2743 1831 ad
2785 1789 2967 1833 uxor.

543 1877 597 1952 1,
654 1876 711 1954 5,
770 1872 914 1936 adv.
960 1873 1162 1937 Marc.
1211 1879 1269 1952 2,
1319 1876 1418 1954 19,
1465 1872 1718 1936 Arnob.
1771 1876 1825 1952 1,
1873 1875 1974 1952 52,
2029 1871 2166 1936 ital.
2213 1871 2603 1935 nutricare.²
2648 1891 2973 1934 venerare

536 1980 688 2038 met.
741 1979 839 2057 11,
888 1979 946 2056 2,
990 1974 1208 2038 Plaut.
1256 1974 1497 2039 Bacch.
1546 1980 1604 2057 2,
1657 1979 1711 2056 1,
1758 1977 1817 2054 4,
1868 1972 2060 2037 Truc.
2109 1979 2165 2054 2,
2214 1956 2271 2055 5,
2334 1977 2435 2054 29,
2481 1973 2699 2036 Amin.
2749 1978 2863 2054 22,
2910 1977 2969 2054 9,

541 2081 602 2158 8,
651 2073 924 2159 Gregor.
975 2076 1130 2141 Tur.
1178 2076 1336 2160 glor.
1385 2077 1728 2142 confessor.
1761 2081 1865 2141 47.
1954 2076 2261 2154 mediales
2303 2076 2788 2141 terminationes
2833 2077 2972 2142 iure

541 2179 836 2244 obtinent
873 2179 1092 2261 verba,
1140 2198 1308 2265 quae
1351 2201 1391 2243 a
1435 2179 1857 2244 substantivis
1904 2181 2221 2245 concretis
2267 2179 2545 2243 formata
2588 2201 2819 2244 munus
2860 2181 2975 2244 ali-

544 2281 717 2368 quod
761 2281 1126 2365 significant
1178 2284 1280 2347 vel
1331 2282 1646 2363 studium,
1707 2284 1837 2347 cui‘
1864 2285 2007 2369 quis
2061 2288 2281 2364 vacat,
2342 2284 2506 2346 sicut
2558 2283 2973 2348 architectari

544 2384 861 2449 dominari
900 2385 1206 2449 famulari
1249 2385 1454 2449 furari
1498 2387 1906 2470 haruspicari
1947 2386 2297 2471 parasitari
2337 2386 2710 2471 principari.
2800 2391 2970 2450 recte

541 2488 742 2571 igitur
793 2509 860 2552 se
919 2489 1118 2553 habet
1183 2487 1517 2552 ancillari
1572 2489 1791 2573 ddgm.
1860 2488 2033 2552 Plat.
2107 2492 2161 2569 1,
2238 2493 2343 2569 18,
2413 2488 2585 2552 idem
2642 2488 2739 2552 est
2797 2488 2973 2575 apud

544 2591 742 2657 Titin.
793 2597 892 2672 72,
939 2592 1111 2656 Plin.
1157 2614 1218 2655 n.
1263 2593 1325 2656 h.
1373 2597 1430 2672 2,
1467 2596 1566 2674 99,
1601 2597 1666 2673 2;
1715 2592 2090 2657 exancillari
2121 2591 2638 2656 est-Tertulliani
2668 2592 2837 2677 apol.
2874 2598 2972 2673 17,

543 2695 852 2759 ancillare
897 2695 1241 2759 transitiva
1285 2694 1757 2778 significatione
1806 2694 2249 2760 Tertullianus
2296 2701 2361 2759 et
2394 2693 2757 2778 Cyprianus
2791 2716 2979 2780 posu-

543 2803 752 2861 erunt.
824 2796 1105 2861 velitari
1138 2788 1290 2862 met.
1337 2804 1395 2880 9,
1444 2803 1545 2878 29,
1593 2798 1809 2862 Plaut.
1856 2798 2027 2863 Men.
2074 2802 2131 2878 5,
2180 2804 2238 2878 2,
2285 2802 2385 2877 28,
2436 2796 2606 2863 Gen.
2655 2802 2713 2879 6,
2766 2802 2864 2878 11,
2916 2804 2972 2879 1,

544 2898 671 2963 Iul.
699 2898 921 2964 Valer.
968 2905 1026 2980 2,
1075 2904 1132 2963 5.
1209 2907 1436 2965 contra
1477 2922 1555 2964 ea
1597 2902 1921 2986 Apuleius
1976 2901 2236 2985 scripsit
2294 2898 2707 2963 bubulcitare
2750 2900 2889 2965 flor.
2937 2905 2974 2964 6

547 3000 658 3085 (cf.
701 3000 929 3064 Erdm.
976 3023 1038 3087 p.
1091 3003 1219 3087 16),
1252 3003 1466 3070 Varro
1513 3010 1634 3067 sat.
1669 3003 1841 3067 Men.
1889 3008 1991 3084 52,
2043 3008 2075 3066 1
2117 3003 2431 3066 translate
2476 3024 2595 3088 pro
2638 3002 2979 3067 vociferari

546 3103 614 3166 in
659 3103 924 3167 modum
968 3104 1232 3168 bubulci
1277 3103 1526 3189 (Plaut.
1583 3105 1776 3169 Most.
1837 3110 1891 3186 1,
1953 3109 2011 3185 1,
2070 3108 2151 3167 50
2204 3104 2721 3191 bubulcitarier),
2769 3106 2974 3170 Itala:

547 3206 958 3271 sacerdotare
1005 3206 1188 3271 exod.
1231 3211 1336 3288 40,
1377 3212 1474 3288 11,
1514 3212 1589 3271 13
1638 3206 1808 3293 (cod.
1841 3207 2101 3293 Wirc.),
2148 3207 2321 3271 Iren.
2369 3208 2765 3293 prophetare
2814 3213 2869 3289 1,
2916 3213 2975 3290 9,

551 3315 582 3373 1
633 3310 756 3397 (sic
806 3310 1003 3374 etiam
1046 3308 1281 3375 Claud.
1337 3311 1634 3375 Mamert.
1696 3317 1847 3375 stat.
1900 3312 2152 3375 animae
2215 3315 2269 3390 1,
2326 3314 2415 3394 3),
2478 3311 2797 3375 dominari
2841 3312 2978 3376 Ire-

546 3414 693 3479 naei
736 3414 1057 3501 interpres
1103 3414 1358 3499 passive
1401 3415 1744 3499 usurpavit
1776 3419 1833 3495 3,
1882 3420 1939 3478 8.

716 3518 797 3582 In
841 3524 1029 3582 tanta
1073 3518 1536 3603 inaequalitate
1573 3518 2052 3583 consuetudinis
2082 3517 2495 3582 intransitiva
2524 3517 2720 3582 verba
2748 3517 2981 3582 transi-

548 3619 677 3682 tive
749 3622 1191 3703 ponebantur,
1268 3621 1501 3705 quibus
1568 3622 1915 3704 scriptores
1982 3620 2276 3685 meliores
2346 3622 2600 3685 nonnisi
2663 3621 2983 3685 translata

549 3718 1012 3799 significatione
1068 3725 1170 3788 usi
1231 3730 1450 3801 erant,
1513 3744 1590 3787 ea
1647 3725 1993 3807 genuinam
2052 3731 2118 3789 et
2171 3725 2238 3787 in
2294 3724 2588 3787 oratione
2642 3724 2818 3787 culta
2873 3723 2981 3787 ob-

551 3820 822 3886 soletam
874 3827 1200 3891 notionem
1255 3827 1592 3912 propriam
1646 3828 1713 3889 in
1754 3848 2047 3891 sermone
2092 3827 2347 3909 vulgari
2393 3832 2829 3891 servaverunt.
2917 3828 2983 3889 in

553 3924 696 3989 aliis
743 3930 1072 3991 contraria
1112 3931 1282 3993 ratio
1327 3930 1657 3995 observari
1686 3935 1921 4014 potest.
1998 3950 2277 4014 namque
2308 3931 2505 3993 etiam
2537 3930 2699 3993 haec
2727 3930 2983 4015 saepius
3062 3948 3103 3997 ·.
3152 3928 3157 3931 ’

550 4048 679 4092 non
709 4030 915 4095 libero
945 4030 1216 4096 arbitrio
1247 4034 1636 4118 scriptorum
1665 4039 1906 4097 novata
1934 4032 2035 4097 vel
2058 4034 2421 4113 immutata,
2454 4032 2567 4097 sed
2592 4055 2672 4097 ex
2694 4054 2984 4097 sermone
3048 4051 3057 4061 ·

554 4134 876 4198 communi
918 4134 986 4197 in
1028 4134 1252 4198 literas
1295 4137 1618 4201 translata
1648 4156 1787 4201 esse
1817 4136 2135 4200 videntur.
2206 4135 2287 4200 de
2316 4136 2527 4200 verbis
2559 4122 2984 4200 intransitivis

549 4235 848 4299 factitiva
904 4236 967 4300 vi
1025 4238 1255 4322 positis
1308 4238 1377 4302 in
1433 4240 1609 4304 Itala
1653 4245 1719 4305 et
1762 4240 1935 4324 apud
1979 4240 2141 4303 alios
2187 4240 2567 4324 scriptoreS,
2623 4260 2783 4324 quos
2829 4260 2986 4323 prae

553 4340 784 4404 ceteris
841 4340 1219 4425 respicimus
1259 4341 1335 4404 cf.
1387 4339 1526 4406 Ott.
1572 4343 1614 4406 1.
1665 4364 1717 4407 c.
1765 4365 1828 4429 p.
1874 4346 1995 4406 841
2044 4362 2138 4427 sq.
2227 4363 2541 4406 corruere
2585 4341 2786 4426 Apul.
2832 4347 2981 4405 met.

551 4446 610 4524 8,
658 4448 718 4525 8,
764 4443 984 4508 Plaut.
1029 4443 1202 4508 Rud.
1249 4448 1307 4524 2,
1355 4448 1413 4526 6,
1465 4449 1566 4527 58,
1611 4446 1810 4511 Lucr.
1858 4451 1916 4528 5,
1949 4450 2093 4528 369,
2128 4444 2369 4511 catull.
2404 4449 2505 4525 68,
2540 4450 2642 4509 52.
2714 4444 2986 4529 simplex

550 4547 820 4613 verbum
870 4568 1058 4613 ruere
1110 4547 1452 4613 transitiva
1506 4548 1974 4633 significatione
2029 4551 2314 4636 positum
2368 4555 2467 4615 est
2510 4549 2688 4637 apud
2734 4548 2984 4613 Arnob.
