3481 5121
1679 335 1777 394 ·10

515 534 871 617 inspexisse
917 533 1246 615 videntur,
1311 534 1469 598 satis
1513 535 1664 601 inde
1717 557 1786 600 se
1840 535 2088 600 discere
2130 555 2318 618 posse
2375 535 2503 600 rati
2560 555 2756 617 quam
2821 534 2954 601 late

463 658 468 661 ’
515 636 812 702 vocabuli
856 637 1127 701 alicuius
1183 659 1337 701 usus
1379 642 1652 720 pateret.
1742 658 1888 702 eam
1930 658 2080 702 vero
2124 638 2441 702 rationem
2484 637 2955 720 repudiandam

515 760 654 803 esse
697 739 753 802 si
795 739 1126 821 scriptoris
1170 741 1470 820 alicuiu8‚
1515 741 1900 824 praesertim
1946 739 2087 804 aevi
2129 740 2535 822 posterioriS,
2595 761 2953 806 sermonem

513 843 878 907 accuratius
921 844 1290 908 examinare
1333 844 1520 926 velis,
1580 844 2021 926 unusquisque
2079 848 2143 906 et
2186 848 2416 925 suapte
2470 850 2700 926 sponte
2754 865 2953 926 agno-

514 949 651 1009 scet
718 950 783 1009 et
839 945 1030 1010 facile
1092 967 1171 1011 ex
1225 947 1446 1011 multis
1509 946 1819 1031 exemplis
1895 946 2184 1028 colliget,
2250 965 2417 1026 quae
2484 944 2568 1008 ad
2634 948 2953 1014 vocabula

511 1047 906 1130 Apuleiana,
953 1047 1033 1112 de
1077 1049 1311 1131 quibus
1353 1051 1648 1132 quaestio
1693 1055 1809 1130 est,
1855 1047 2155 1128 afferam,
2204 1067 2597 1130 quamquam
2640 1051 2779 1134 ipse
2821 1071 2954 1115 non

514 1171 734 1216 omnes
776 1149 977 1222 libros
1020 1151 1168 1234 legi,
1216 1173 1293 1216 ex
1337 1153 1572 1234 quibus
1616 1153 1901 1217 fructum
1930 1151 2215 1233 aliquem
2248 1151 2551 1234 colligere
2596 1153 2951 1236 potuissem

512 1252 597 1317 ad
640 1254 999 1318 orationem
1041 1253 1287 1337 Apulei
1331 1255 1571 1319 rectius
1617 1252 2106 1320 aestimandam.

684 1357 831 1421 Iam
891 1357 1093 1440 igitur
1167 1378 1285 1422 nos
1347 1358 1543 1441 paulo
1603 1358 1795 1422 aliter
1867 1362 2063 1438 atque
2118 1355 2311 1437 vulgo
2369 1353 2445 1420 fit
2511 1354 2591 1419 de
2667 1355 2951 1438 Apuleio

513 1459 943 1523 existimaturi
982 1459 1051 1523 in
1096 1460 1530 1524 examinanda
1575 1461 1711 1526 eius
1769 1459 2053 1524 dictione
2097 1478 2216 1540 pro
2254 1477 2481 1521 norma
2526 1457 2950 1524 adhibeamus

510 1562 793 1644 reliquos
839 1563 1187 1646 scriptores
1232 1562 1467 1643 AfroS,
1523 1564 1636 1646 qui
1690 1585 1820 1627 non
1864 1563 2145 1640 Romae,
2207 1559 2321 1623 sed
2361 1560 2429 1623 in
2473 1557 2709 1625 Africa
2750 1562 2951 1627 libros

513 1665 910 1747 scripserunt
964 1670 1028 1729 et
1081 1665 1136 1728 si
1196 1665 1306 1747 qui
1364 1665 1476 1729 alii
1532 1665 1727 1729 simili
1779 1665 2034 1728 ratione
2088 1683 2553 1744 nonnunquam
2612 1662 2699 1726 ad
2742 1664 2951 1746 plebis

511 1788 872 1831 sermonem
902 1766 1387 1831 descenderunt.
1477 1788 1755 1849 namque
1785 1767 1895 1847 ita,
1950 1772 2130 1849 pute,
2186 1765 2465 1830 elucebit
2496 1765 2738 1849 Apulei
2768 1787 2952 1832 voca-

510 1869 812 1934 bulorum
855 1868 1341 1951 supellectilem,
1386 1871 1455 1934 in
1496 1890 1628 1952 qua
1657 1870 2065 1952 congerenda
2096 1869 2580 1950 antiquissimos
2610 1875 2951 1953 tantopere

513 1971 892 2055 expilavisse
938 1993 1083 2036 eum
1142 1972 1566 2051 contendunt,
1625 1993 1665 2036 a
1707 1972 2052 2036 verborum
2113 1973 2332 2054 copia,
2394 1993 2561 2054 quae
2620 1980 2951 2055 comparet

511 2074 578 2137 in
622 2073 971 2138 veterrima
1012 2074 1126 2137 illa
1178 2075 1717 2156 interpretatione
1772 2075 2113 2138 literarum
2166 2095 2530 2155 sacrarum,
2576 2075 2643 2137 in
2689 2076 2948 2158 scriptis

511 2176 902 2241 Tertulliani
921 2175 1000 2262 1),
1051 2174 1392 2259 Cypriani,
1441 2178 1506 2240 in
1552 2181 1808 2242 vetusta
1852 2177 2141 2241 versione
2198 2177 2405 2241 latina
2449 2176 2765 2242 librorum
2809 2179 2946 2244 Ire-

508 2280 685 2362 naei‚
747 2279 920 2362 apud
982 2299 1201 2343 omnes
1259 2300 1396 2360 eos„
1453 2281 1566 2364 qui
1619 2301 1696 2344 ex
1756 2280 2007 2362 vulgari
2064 2300 2356 2344 sermone
2410 2281 2617 2345 multa
2670 2282 2738 2345 in
2794 2282 2948 2346 scri-

505 2383 793 2464 ptionem
835 2383 1330 2463 transtulerunt,
1381 2404 1510 2447 non
1557 2383 1718 2447 adeo
1767 2382 2135 2446 abhorrere.
2227 2403 2389 2464 quos
2434 2383 2697 2464 quidem
2740 2384 2939 2467 scrip-

507 2490 680 2549 tores
742 2485 1184 2569 librorumque
1245 2506 1579 2550 sacrorum
1637 2485 1998 2550 versionem
2040 2484 2218 2548 illam
2263 2484 2579 2568 philologi
2634 2507 2791 2570 prae
2845 2488 2942 2569 iis,

511 2589 622 2670 qui
685 2594 834 2653 sunt
883 2590 1208 2671 principes
1268 2589 1606 2653 literarum
1667 2588 2024 2653 latinarum
2086 2593 2383 2653 auctores
2449 2591 2550 2653 vel
2614 2592 2946 2673 aspernati

509 2697 677 2772 sunt,
724 2692 826 2756 vel
869 2692 922 2755 si
969 2692 1081 2773 qui
1126 2712 1346 2756 eorum
1389 2712 1596 2775 nuper
1638 2692 1706 2755 in
1751 2690 2369 2774 cognoscendisillis
2401 2694 2951 2776 emendandisque

508 2814 772 2876 operam
817 2793 1294 2858 collocaverunt
1351 2801 1524 2859 certe
1580 2815 1706 2858 non
1765 2793 2237 2858 contenderunt
2290 2794 2581 2859 obsoleta
2634 2816 2745 2859 eos
2791 2797 2948 2861 arri-

509 2896 726 2978 puisse
771 2897 1115 2977 vocabula,
1173 2902 1246 2959 ut
1289 2897 1380 2961 eis
1439 2897 1626 2979 quasi
1682 2897 2011 2979 pigmento
2077 2896 2360 2978 quodam
2413 2898 2725 2963 orationis
2770 2920 2948 2964 more

507 2998 952 3063 Frontoniano
1010 2999 1328 3064 lectorum
1389 3000 1638 3064 animos
1701 2999 2057 3063 allicerent.
2166 3004 2425 3064 vetusta
2488 3001 2715 3083 verba,
2780 3023 2948 3086 quae

509 3100 684 3184 apud
730 3102 1076 3185 scriptores
1106 3101 1308 3167 Afros
1355 3105 1615 3167 exstant
1657 3102 1875 3167 omnia
1914 3102 2217 3185 colligere
2260 3124 2391 3167 non
2436 3110 2534 3170 est
2578 3106 2769 3170 huius
2798 3105 2944 3187 loci,

511 3203 635 3267 etsi
676 3204 954 3269 multum
999 3205 1150 3271 inde
1192 3205 1603 3289 proficiamus
1635 3204 1720 3268 ad
1752 3206 2109 3270 orationem
2142 3204 2461 3272 Afrorum
2490 3209 2729 3273 rectius
2760 3209 2950 3273 aesti-

509 3306 833 3372 mandam.
925 3308 1036 3373 sed
1079 3313 1298 3372 tamen
1342 3306 1555 3370 facere
1599 3327 1729 3370 non
1774 3328 2061 3388 possum,
2112 3310 2267 3389 quin
2314 3309 2547 3373 saltem
2589 3330 2799 3392 pauca
2842 3310 2949 3375 hic

508 3407 834 3490 proferam
879 3431 958 3473 ex
1001 3410 1110 3490 iis,
1171 3428 1337 3490 quae
1391 3406 1820 3472 animadverti
1874 3429 2018 3472 cum
2075 3409 2276 3473 libros
2332 3410 2593 3473 illorum
2637 3413 2943 3492 percurri.

508 3511 683 3592 quod
729 3512 966 3577 attinet
1013 3510 1100 3575 ad
1145 3517 1424 3575 veterem
1479 3509 1658 3573 illam
1710 3510 2073 3574 versionem
2128 3510 2405 3574 latinam
2464 3510 2802 3576 literarum
2846 3532 2947 3575 sa-

509 3634 785 3694 crarum,
831 3633 1024 3695 quam
1067 3612 1136 3675 in
1173 3610 1407 3676 Africa
1451 3612 1763 3694 scriptam
1808 3632 1947 3677 esse
1994 3613 2221 3678 eadem
2264 3612 2419 3694 fere,
2467 3634 2596 3695 qua
2622 3613 2947 3696 Apuleius

687 3867 728 3935 1)
765 3867 832 3921 cf.
883 3868 1130 3922 Ebertus
1184 3870 1244 3922 in
1291 3868 1490 3922 histor.
1536 3871 1687 3923 univ,
1737 3869 1952 3922 literar.
2000 3868 2144 3922 med.
2193 3884 2311 3921 aev.
2357 3868 2464 3922 vol.
2512 3868 2545 3922 I
2588 3887 2643 3938 p.
2690 3870 2786 3924 35:
2844 3887 2947 3924 vor

507 3952 678 4005 allem
713 3952 1027 4008 Tertullian
1075 3956 1280 4009 nimmt
1324 3958 1476 4008 seine
1514 3956 1855 4009 ausdruecke
1892 3972 1989 4008 aus
2037 3956 2166 4008 dem
2202 3971 2418 4024 ganzen
2453 3957 2644 4025 gebiet
2688 3955 2789 4009 cler
2824 3974 2944 4010 um-

510 4043 954 4109 gangssprache,
990 4043 1228 4097 welches
1259 4043 1319 4112 ja
1356 4043 1454 4096 das
1492 4042 1594 4096 der
1629 4042 1983 4096 roemischen
2016 4042 2417 4110 volkssprache
2453 4042 2824 4096 unmittelbar
2857 4043 2950 4096 be-

507 4124 758 4193 ruehrte,
806 4146 867 4181 so
919 4129 1046 4182 dass
1093 4129 1195 4183 der
1238 4130 1457 4201 geniale
1507 4134 1670 4183 autor
1717 4128 1808 4181 ein
1859 4128 1998 4181 oder
2043 4128 2140 4181 das
2189 4127 2397 4180 andere
2444 4129 2556 4182 mal
2608 4129 2751 4183 auch
2786 4128 2948 4182 nicht

507 4211 895 4266 verschmaeh't
940 4214 1109 4269 tiefer
1154 4216 1216 4269 in
1262 4216 1444 4270 dieses
1489 4214 1979 4284 hinabzugreifen:
2032 4213 2103 4267 da
2150 4214 2316 4267 allein
2356 4214 2619 4269 koennen
2657 4215 2779 4269 sich
2814 4215 2949 4269 aber

509 4298 598 4351 die
647 4298 1021 4367 eigentlichen
1067 4302 1473 4356 afrikanismen
1518 4301 1733 4366 finden,
1784 4300 1876 4354 die
1924 4317 2031 4353 nur
2078 4300 2207 4353 sehr
2251 4301 2464 4355 schwer
2509 4302 2947 4355 auszuscheiden

509 4383 627 4437 sein
681 4386 1007 4454 moechten3
1063 4387 1161 4441 das
1215 4406 1326 4441 was
1376 4405 1508 4441 man
1555 4387 1943 4457 gewoehnlich
1994 4402 2055 4439 so
2104 4391 2283 4439 nennt
2330 4387 2457 4440 sind
2503 4388 2617 4441 fast
2666 4387 2947 4440 durchaus

508 4472 1140 4540 eigentuemlichkeiten
1176 4472 1277 4527 der
1312 4473 1662 4527 roemischen
1693 4491 1996 4543 umgangs-
2019 4473 2137 4526 und
2158 4474 2556 4544 volkssprache
2579 4472 2946 4544 ueberhaupt,

507 4555 611 4608 wie
648 4573 748 4609 zur
783 4573 1037 4628 genuege
1072 4559 1164 4614 die
1206 4560 1600 4613 romanischen
1635 4559 1913 4627 sprachen
1945 4560 2142 4628 zeigen
2178 4563 2283 4612 cet.
