3481 5121
1703 262 1780 324 16

514 461 667 530 11001
709 463 992 529 Athenis
1038 463 1282 530 Atticis
1327 464 1708 530 confirmata
1762 473 1981 534 tamen
2023 466 2130 530 1110
2174 463 2483 531 1110110313
2528 471 2595 530 01
2636 486 2763 530 vox
2805 483 2953 530 mea

515 573 789 649 utraque
853 567 1080 650 lingua
1140 569 1271 632 iam
1331 570 1559 634 vestris
1625 570 1893 635 auribus
1951 577 2102 636 ante
2161 569 2528 652 proximum
2572 569 2947 634 sexennium

513 669 718 752 probe
762 671 1082 751 cognita“.
1169 671 1482 736 latissime
1525 673 1749 755 utique
1807 675 2118 738 sermonis
2173 673 2360 737 latini
2402 691 2557 736 usus
2603 671 2671 733 in
2716 670 2951 735 Africa

514 777 653 836 tum
695 772 982 854 patebat,
1038 793 1183 836 cum
1221 775 1452 856 vulgus
1510 775 1829 839 Afrorum
1892 776 2118 840 eodem
2172 781 2463 857 tempore
2504 774 2711 837 latina
2754 774 2950 836 inter-

515 875 880 956 pretatione
947 875 1282 940 literarum
1355 897 1684 942 sacrarum
1751 885 1971 960 egeret
2052 884 2117 943 et
2182 899 2325 942 cum
2393 876 2741 958 scriptores
2802 874 2957 940 Afri

514 975 799 1060 Apuleio
867 983 1082 1042 aetate
1144 979 1242 1043 vel
1307 981 1609 1061 aequales
1674 980 1775 1044 vel
1840 981 2037 1063 paulo
2103 980 2441 1045 inferiores
2498 1000 2701 1062 prope
2734 999 2956 1044 omnes

519 1079 880 1144 scriberent
951 1082 1173 1145 latine.
1299 1082 1497 1146 immo
1571 1083 1845 1148 fortasse
1930 1085 1997 1147 in
2079 1084 2221 1166 ipso
2311 1081 2581 1164 oppid0,
2673 1081 2740 1145 in
2827 1102 2955 1163 quo

514 1182 838 1265 Apuleius
878 1190 1070 1248 natus
1130 1190 1259 1264 est,
1314 1185 1445 1248 iam
1500 1191 1639 1249 tum
1693 1187 1923 1250 literae
1975 1186 2219 1250 latinae
2287 1185 2719 1260 docebantur3
2782 1188 2957 1248 certe

516 1286 874 1368 Augustini
928 1293 1219 1369 tempore
1284 1287 1653 1352 liberalium
1709 1289 1951 1353 artium
2012 1288 2245 1352 studiis
2303 1286 2461 1350 satis
2524 1285 2688 1349 illud
2745 1285 2961 1350 nobile

517 1393 676 1452 erat.
766 1409 1046 1471 namque
1103 1389 1267 1454 conf.
1329 1394 1386 1469 2,
1451 1394 1508 1470 3,
1558 1394 1594 1454 5
1641 1392 1806 1456 11300
1866 1390 2041 1473 apud
2105 1411 2252 1454 eum
2315 1389 2559 1470 scripta
2617 1387 2955 1470 leguntur:

519 1489 924 1570 „Madauris,
982 1492 1051 1555 in
1105 1513 1236 1574 qua
1295 1493 1508 1557 vicina
1563 1493 1726 1558 urbe
1784 1495 1916 1558 iam
1971 1513 2310 1575 coeperam
2371 1491 2707 1554 literarum
2762 1499 2958 1573 atque

515 1593 837 1656 oratoriae
879 1593 1332 1676 percipiendae
1376 1597 1587 1677 gratia
1628 1597 2089 1678 peregrinari“.
2181 1594 2459 1675 denique
2503 1593 2957 1675 inscriptiones

514 1694 723 1758 latina
755 1695 1086 1760 confectae
1116 1696 1340 1779 lingua
1369 1698 1438 1761 in
1465 1697 1581 1762 illa
1609 1705 1797 1780 parte
1822 1697 2091 1762 Africae
2119 1698 2417 1761 inventae
2452 1702 2602 1760 sunt
2624 1695 2959 1778 plurimae.

513 1797 670 1878 quin
721 1797 883 1862 adeo
955 1804 1096 1862 tum
1154 1799 1474 1864 florebant
1527 1801 1595 1864 in
1639 1801 1872 1866 Africa
1926 1801 2266 1865 literarum
2324 1799 2677 1864 latinarum
2721 1796 2957 1877 studia,

509 1905 584 1964 ut
651 1920 730 1964 ex
794 1900 906 1964 illo
970 1906 1262 1983 tempore
1317 1903 1470 1967 Afri
1535 1904 1601 1966 in
1666 1905 1813 1986 ipsa
1874 1904 2036 1969 urbe
2087 1903 2301 1968 Roma
2366 1902 2707 1965 literarum
2772 1899 2957 1982 quasi

508 2001 944 2084 principatum
989 2004 1376 2069 obtinerent.
1465 2027 1610 2070 cum
1652 2007 1852 2089 igitur
1898 2010 2152 2069 constet
2194 2004 2568 2084 MadauriS,
2619 2007 2845 2084 utpote
2888 2003 2957 2066 in

511 2104 766 2169 colonia
793 2126 1066 2170 romana
1097 2105 1206 2191 (cf.
1239 2106 1319 2172 de
1350 2130 1520 2191 mag.
1555 2109 1666 2196 24)
1695 2129 2056 2173 sermonem
2084 2108 2363 2172 latinum
2393 2105 2589 2170 fuisse
2619 2105 2953 2183 usitatum,

511 2227 656 2270 cum
680 2213 982 2289 parentes
1007 2209 1252 2291 Apulei
1275 2209 1518 2274 fuerint
1543 2213 1809 2294 originis
1834 2231 2160 2290 romanae,
2194 2231 2337 2274 cum
2363 2209 2641 2291 denique
2675 2211 2958 2290 nequeat

513 2307 818 2390 dubitari,
865 2311 1021 2392 quin
1069 2311 1496 2394 Carthagine,
1542 2313 1657 2379 ubi
1706 2314 2025 2396 Apuleius
2084 2312 2472 2377 educatione
2529 2309 2956 2393 doctrinaque

509 2413 746 2493 puerili
795 2413 1156 2478 liberaliter
1218 2415 1552 2480 institutus
1613 2421 1711 2480 est
1770 2417 2125 2480 latinarum
2179 2415 2519 2478 literarum
2574 2411 2793 2477 studia
2845 2411 2956 2476 flo-

510 2515 778 2597 ruerint,
823 2516 930 2581 vix
971 2516 1125 2581 licet
1168 2518 1484 2601 suspicari
1513 2517 1766 2584 Romae
1811 2519 2067 2585 demum
2097 2537 2457 2583 sermonem
2486 2515 2761 2580 latinum
2808 2534 2953 2580 eum

459 2682 466 2689 ,
512 2617 835 2683 didicisse.
924 2641 1008 2683 an
1053 2621 1268 2704 potuit
1310 2622 1421 2686 ille
1465 2622 1685 2704 palam
1715 2622 1873 2686 vitio
1904 2626 2155 2685 vertere
2200 2620 2495 2703 privigno
2528 2618 2703 2701 quod
2747 2619 2951 2683 latine

508 2720 688 2803 loqui
731 2741 861 2785 non
903 2728 1124 2805 posset
1153 2723 1262 2807 (de
1299 2744 1467 2806 mag.
1502 2724 1635 2809 98),
1682 2726 1738 2787 si
1780 2721 2188 2807 paucissimis
2218 2723 2357 2803 ipse
2400 2721 2585 2787 annis
2628 2727 2779 2787 ante
2823 2740 2953 2785 non

508 2822 576 2886 in
619 2822 854 2888 Africa
896 2823 1011 2889 sed
1053 2826 1121 2888 in
1166 2826 1368 2890 Italia
1414 2826 1585 2890 hanc
1627 2826 1921 2909 linguam
1952 2822 2343 2903 didicisset?

682 2924 813 2991 Sed
857 2927 1180 2992 immerito
1227 2928 1517 2993 homines
1573 2928 1749 2993 docti
1807 2935 2040 3011 putare
2096 2927 2400 2991 videntur
2454 2924 2538 2987 ad
2593 2944 2955 2989 sermonem

508 3026 756 3111 Apulei
801 3028 1224 3093 excolendum
1269 3036 1384 3094 aut
1430 3037 1603 3095 certe
1649 3031 2123 3095 immutandum
2154 3028 2371 3111 magni
2401 3027 2709 3091 momenti
2750 3025 2951 3091 fuisse

509 3132 790 3213 spatium
847 3133 1176 3215 temporis,
1221 3154 1341 3215 per
1383 3132 1559 3214 quod
1587 3133 1840 3198 Romae
1883 3133 1993 3198 ille
2036 3134 2121 3197 sit
2165 3136 2475 3197 versatus.
2564 3150 2735 3193 anno
2782 3129 2952 3193 enim

508 3234 763 3297 circiter
799 3238 917 3298 125
965 3257 1028 3317 p.
1064 3233 1218 3299 Chr.
1266 3242 1458 3299 natus
1503 3237 1791 3320 quinque
1822 3235 1956 3299 fere
1998 3242 2063 3300 et
2092 3234 2325 3317 viginti
2355 3252 2673 3296 annorum
2701 3231 2949 3296 iuvenis

507 3334 959 3400 Pudentillam
1003 3338 1263 3401 viduam
1313 3337 1381 3401 in
1425 3338 1911 3402 matrimonium
1958 3337 2160 3401 duxit.
2236 3336 2331 3399 ita
2373 3334 2799 3399 ratiocinatus
2855 3337 2953 3397 est

510 3436 864 3503 Teuffelius
887 3438 936 3523 1)
981 3460 1190 3522 neque
1233 3445 1334 3502 est
1379 3460 1491 3503 cur
1538 3461 1683 3504 cum
1739 3459 1815 3503 eo
1869 3439 2342 3503 dissentiamus,
2434 3441 2688 3501 constat
2733 3441 2951 3500 autem

507 3540 864 3622 Apuleium
903 3542 1288 3624 priusquam
1331 3540 1776 3606 Pudentillam
1834 3562 2101 3605 uxorem
2158 3540 2423 3604 duceret
2478 3539 2580 3603 vel
2630 3536 2807 3603 Oeae
2850 3537 2951 3601 vel

505 3641 649 3705 aliis
694 3642 852 3707 locis
894 3642 1167 3708 Africae
1220 3643 1471 3726 degisse
1517 3651 1650 3709 tres
1697 3664 1900 3708 annos
1947 3642 2370 3728 continuOS.²)
2435 3647 2774 3725 praeterea
2815 3662 2951 3703 mu-

506 3766 660 3810 nere
705 3766 770 3810 se
817 3744 1110 3810 functum
1169 3766 1306 3810 esse
1351 3745 1510 3811 dicit
1566 3747 1631 3810 in
1675 3747 1893 3829 patria
1951 3746 2113 3811 urbe
2158 3746 2240 3809 de
2301 3766 2471 3827 mag.
2519 3743 2683 3829 243)
2774 3742 2951 3825 quod

685 3948 728 4016 1)
765 3949 950 4017 gesch.
989 3948 1090 4001 der
1125 3964 1298 4000 roem.
1336 3947 1548 4001 literat.
1571 3948 1593 3979 ³
1627 3967 1681 4017 p.
1719 3951 1841 4003 854.

685 4031 730 4101 ⁹)
769 4033 839 4086 de
874 4051 1018 4103 mag.
1055 4034 1138 4098 55,
1177 4034 1312 4101 „sed
1347 4033 1551 4087 abhinc
1601 4036 1777 4088 ferme
1814 4034 2129 4089 triennium
2168 4036 2253 4085 est
2292 4032 2441 4100 quod
2490 4030 2691 4099 primis
2732 4031 2947 4096 (11011118,

507 4116 711 4187 quibus
748 4119 922 4172 Oeam
957 4136 1221 4173 veneram
1257 4122 1374 4186 sq.“

680 4203 724 4273 ⁸)
772 4204 865 4272 „in
910 4223 1020 4273 qua
1067 4206 1207 4259 urbe
1243 4208 1466 4273 patrem
1513 4204 1685 4257 habui
1730 4206 1857 4259 loco
1906 4202 2219 4272 principem
2264 4202 2673 4257 duumviralem
2722 4202 2944 4256 cunctis

504 4291 808 4346 honeribus
845 4292 1234 4359 perfunctum,
1283 4290 1436 4344 cuius
1483 4307 1588 4359 ego
1636 4291 1824 4344 locum
1879 4291 1939 4343 in
1974 4289 2074 4341 illa
2108 4288 2397 4356 republica
2434 4290 2633 4343 exinde
2670 4293 2735 4343 ut
2771 4288 2948 4358 parti-

507 4380 698 4447 cipare
732 4378 944 4431 curiam
983 4379 1144 4447 coepi
1176 4393 1527 4445 nequaquam
1558 4376 1805 4444 degener
1841 4375 1964 4444 pari
2002 4390 2167 4441 spero
2192 4374 2405 4427 honore
2442 4378 2502 4427 et
2525 4375 2947 4429 existimatione

512 4468 723 4519 tueor.“
